event_time,event_price,response_price,response_delta_bps
2025-05-28 04:21:53.029000+00:00,50.8445,50.865,4.031901188920241
2025-05-28 04:21:53.029000+00:00,50.845,50.865,3.933523453634207
2025-05-28 04:22:14.051000+00:00,51.073,50.980000000000004,-18.209229925791792
2025-05-28 04:22:14.051000+00:00,51.093,50.980000000000004,-22.1165325974203
2025-05-28 04:22:14.059000+00:00,51.091,51.08,-2.1530210800342107
2025-05-28 04:22:14.062000+00:00,51.053,51.105000000000004,10.185493506749204
2025-05-28 04:22:14.065000+00:00,51.094,51.095,0.195717696793688
2025-05-28 04:22:17.025000+00:00,51.101,51.075,-5.087963053559862
2025-05-28 04:22:17.025000+00:00,51.104,51.075,-5.674702567313001
2025-05-28 04:22:17.025000+00:00,51.018,51.075,11.172527343291028
2025-05-28 04:22:17.025000+00:00,51.104,51.075,-5.674702567313001
2025-05-28 04:22:17.025000+00:00,51.1075,51.075,-6.3591449395879
2025-05-28 04:22:17.025000+00:00,51.0035,51.075,14.018645779211296
2025-05-28 04:22:17.026000+00:00,51.113,51.07,-8.412732572926508
2025-05-28 04:22:17.026000+00:00,51.0625,51.07,1.468788249694058
2025-05-28 04:22:17.026000+00:00,51.0935,51.07,-4.599410883967339
2025-05-28 04:22:17.026000+00:00,51.079,51.07,-1.761976546134486
2025-05-28 04:22:17.026000+00:00,51.045500000000004,51.07,4.799639537274822
2025-05-28 04:22:17.026000+00:00,51.040499999999994,51.07,5.77972394471172
2025-05-28 04:22:17.026000+00:00,51.046,51.07,4.701641656545255
2025-05-28 04:22:17.026000+00:00,51.07,51.07,0.0
2025-05-28 04:22:17.026000+00:00,51.049,51.07,4.113694685498403
2025-05-28 04:22:17.026000+00:00,51.113,51.07,-8.412732572926508
2025-05-28 04:22:17.026000+00:00,51.048500000000004,51.07,4.211681048413975
2025-05-28 04:22:17.026000+00:00,51.113,51.07,-8.412732572926508
2025-05-28 04:22:17.026000+00:00,51.055499999999995,51.07,2.8400466159385935
2025-05-28 04:22:17.026000+00:00,51.051500000000004,51.07,3.6237916613607752
2025-05-28 04:22:17.026000+00:00,51.048,51.07,4.309669330825589
2025-05-28 04:22:17.026000+00:00,51.05,51.07,3.9177277179242167
2025-05-28 04:22:17.026000+00:00,51.05,51.07,3.9177277179242167
2025-05-28 04:22:17.026000+00:00,51.113,51.07,-8.412732572926508
2025-05-28 04:22:17.027000+00:00,51.061,51.16,19.38857445016679
2025-05-28 04:22:17.027000+00:00,51.0625,51.16,19.094247246021364
2025-05-28 04:22:17.027000+00:00,51.058499999999995,51.16,19.879158220472885
2025-05-28 04:22:17.027000+00:00,51.073499999999996,51.16,16.936376007127162
2025-05-28 04:22:17.027000+00:00,51.065,51.16,18.603740330950526
2025-05-28 04:22:17.027000+00:00,51.0625,51.16,19.094247246021364
2025-05-28 04:22:17.027000+00:00,51.074,51.16,16.83831303598671
2025-05-28 04:22:17.027000+00:00,51.073499999999996,51.16,16.936376007127162
2025-05-28 04:22:17.027000+00:00,51.0625,51.16,19.094247246021364
2025-05-28 04:22:17.027000+00:00,51.073,51.16,17.034440898321265
2025-05-28 04:22:17.027000+00:00,51.060500000000005,51.16,19.486687361070086
2025-05-28 04:22:17.028000+00:00,51.114000000000004,51.155,8.021285753413313
2025-05-28 04:22:17.028000+00:00,51.1085,51.155,9.098290890948036
2025-05-28 04:22:17.028000+00:00,51.099500000000006,51.155,10.861163025077543
2025-05-28 04:22:17.028000+00:00,51.0975,51.155,11.25299672195402
2025-05-28 04:22:17.028000+00:00,51.099000000000004,51.155,10.959118573748484
2025-05-28 04:22:27.342000+00:00,50.947,50.980000000000004,6.477319567393811
2025-05-28 04:23:27.563000+00:00,50.92,51.105000000000004,36.33150039277342
2025-05-28 04:23:27.563000+00:00,50.9255,51.105000000000004,35.24756752511108
2025-05-28 04:23:27.564000+00:00,50.9725,51.03,11.280592476336173
2025-05-28 04:23:27.564000+00:00,50.941,51.03,17.471192163482975
2025-05-28 04:23:27.564000+00:00,50.958,51.03,14.129282938891386
2025-05-28 04:23:27.564000+00:00,50.962,51.03,13.343275381656495
2025-05-28 04:23:27.564000+00:00,50.974999999999994,51.03,10.789602746445674
2025-05-28 04:23:27.564000+00:00,50.967,51.03,12.360939431397256
2025-05-28 04:23:27.564000+00:00,50.9695,51.03,11.869843730074782
2025-05-28 04:23:27.564000+00:00,50.966499999999996,51.03,12.459164353056376
2025-05-28 04:23:27.565000+00:00,51.0505,51.065,2.8403247764464954
2025-05-28 04:23:27.565000+00:00,51.0045,51.065,11.86169847758483
2025-05-28 04:23:27.565000+00:00,51.046499999999995,51.065,3.62414661142352
2025-05-28 04:23:27.609000+00:00,51.18,51.18,0.0
2025-05-28 04:23:27.609000+00:00,51.191,51.18,-2.1488152214261853
2025-05-28 04:23:27.610000+00:00,51.193,51.175,-3.5161057175787085
2025-05-28 04:28:08.622000+00:00,50.647,50.69,8.49013761920731
2025-05-28 04:28:08.625000+00:00,50.692499999999995,50.745000000000005,10.356561621543442
2025-05-28 04:28:08.626000+00:00,50.7,50.745000000000005,8.87573964497075
2025-05-28 04:28:08.626000+00:00,50.709999999999994,50.745000000000005,6.90199171761207
2025-05-28 04:28:08.626000+00:00,50.712,50.745000000000005,6.5073355418838235
2025-05-28 04:28:08.626000+00:00,50.704,50.745000000000005,8.086147049543216
2025-05-28 04:28:08.626000+00:00,50.703,50.745000000000005,8.283533518727017
2025-05-28 04:32:18.363000+00:00,51.2895,51.345,10.82092826017062
2025-05-28 04:32:18.363000+00:00,51.29,51.345,10.723337882628137
2025-05-28 04:32:21.032000+00:00,51.3455,51.370000000000005,4.771596342425976
2025-05-28 04:32:21.032000+00:00,51.345,51.370000000000005,4.869023273932357
2025-05-28 04:32:45.106000+00:00,51.1935,51.224999999999994,6.153124908434487
2025-05-28 04:32:45.106000+00:00,51.177499999999995,51.224999999999994,9.281422500122014
2025-05-28 04:32:45.108000+00:00,51.2395,51.285,8.879868070530936
2025-05-28 04:32:45.108000+00:00,51.238,51.285,9.172879503492924
2025-05-28 04:32:45.108000+00:00,51.2395,51.285,8.879868070530936
2025-05-28 04:32:45.109000+00:00,51.2605,51.305,8.681148252553003
2025-05-28 04:32:45.109000+00:00,51.287499999999994,51.305,3.4121374603958867
2025-05-28 04:32:45.109000+00:00,51.2675,51.305,7.314575510801467
2025-05-28 04:32:45.109000+00:00,51.2605,51.305,8.681148252553003
2025-05-28 04:32:45.109000+00:00,51.2845,51.305,3.997309128488804
2025-05-28 04:33:01.158000+00:00,51.5555,51.57,2.8125030307141197
2025-05-28 04:33:01.158000+00:00,51.5415,51.57,5.529524751899165
2025-05-28 04:33:01.159000+00:00,51.547,51.58,6.4019244572916465
2025-05-28 04:33:01.159000+00:00,51.547,51.58,6.4019244572916465
2025-05-28 04:33:01.159000+00:00,51.5555,51.58,4.752160293275439
2025-05-28 04:33:04.026000+00:00,51.611,51.68,13.369242990835795
2025-05-28 04:33:04.026000+00:00,51.6095,51.68,13.660275724431097
2025-05-28 04:33:04.027000+00:00,51.6165,51.685,13.270950180659328
2025-05-28 04:33:04.027000+00:00,51.619,51.685,12.785989654972491
2025-05-28 04:33:04.027000+00:00,51.620999999999995,51.685,12.398055055114618
2025-05-28 04:33:04.027000+00:00,51.6205,51.685,12.495035886905871
2025-05-28 04:33:04.027000+00:00,51.6135,51.685,13.852964825094276
2025-05-28 04:33:04.029000+00:00,51.663,51.715,10.065230435709639
2025-05-28 04:34:20.553000+00:00,51.5935,51.66,12.889220541346834
2025-05-28 04:34:20.553000+00:00,51.593999999999994,51.66,12.792185137807207
2025-05-28 04:34:20.553000+00:00,51.5985,51.66,11.918951132299432
2025-05-28 04:51:39.311000+00:00,51.128,51.15,4.302925989672677
2025-05-28 04:51:39.311000+00:00,51.129999999999995,51.15,3.911597887737752
2025-05-28 04:51:39.311000+00:00,51.1305,51.15,3.813770645700852
2025-05-28 04:51:39.311000+00:00,51.184,51.15,-6.642700844013544
2025-05-28 04:51:39.312000+00:00,51.126999999999995,51.165,7.432472079332605
2025-05-28 04:51:39.312000+00:00,51.1255,51.165,7.726085808451117
2025-05-28 04:51:39.312000+00:00,51.125,51.165,7.823960880195433
2025-05-28 04:51:39.312000+00:00,51.1205,51.165,8.704922682680984
2025-05-28 04:51:39.312000+00:00,51.1185,51.165,9.096511047859732
2025-05-28 04:51:39.312000+00:00,51.1195,51.165,8.900713035142555
2025-05-28 04:51:39.312000+00:00,51.1165,51.165,9.48813005585224
2025-05-28 04:51:39.312000+00:00,51.1055,51.165,11.642582500904968
2025-05-28 04:51:39.312000+00:00,51.1145,51.165,9.879779710258251
2025-05-28 04:51:39.312000+00:00,51.0905,51.165,14.581967293332509
2025-05-28 04:51:39.312000+00:00,51.0955,51.165,13.60198060494523
2025-05-28 04:51:39.312000+00:00,51.098,51.165,13.112059180398482
2025-05-28 04:51:39.312000+00:00,51.1155,51.165,9.683951052029595
2025-05-28 04:51:39.312000+00:00,51.1095,51.165,10.859037947935727
2025-05-28 04:51:39.312000+00:00,51.112,51.165,10.369384880262418
2025-05-28 04:51:39.312000+00:00,51.1005,51.165,12.622185692899766
2025-05-28 05:01:23.690000+00:00,50.6475,50.69,8.391332247395601
2025-05-28 05:01:23.690000+00:00,50.6365,50.69,10.565501170104502
2025-05-28 05:01:23.690000+00:00,50.646,50.69,8.687754215534678
2025-05-28 05:01:23.702000+00:00,50.4725,50.47,-0.49531923324537647
2025-05-28 05:01:23.702000+00:00,50.4725,50.47,-0.49531923324537647
2025-05-28 05:01:23.702000+00:00,50.4725,50.47,-0.49531923324537647
2025-05-28 05:01:23.702000+00:00,50.474999999999994,50.47,-0.9905894006925118
2025-05-28 05:01:23.702000+00:00,50.471999999999994,50.47,-0.39625931209291076
2025-05-28 05:01:26.025000+00:00,50.5305,50.575,8.806562373219998
2025-05-28 05:01:26.025000+00:00,50.533,50.575,8.311400470979676
2025-05-28 05:01:26.025000+00:00,50.5315,50.575,8.608491732879818
2025-05-28 05:01:26.025000+00:00,50.53,50.575,8.905600633287493
2025-05-28 05:01:26.025000+00:00,50.527,50.575,9.499871355909082
2025-05-28 05:01:26.025000+00:00,50.5215,50.575,10.589550983244688
2025-05-28 05:01:26.026000+00:00,50.492000000000004,50.575,16.438247643190685
2025-05-28 05:01:26.026000+00:00,50.5,50.575,14.851485148515414
2025-05-28 05:01:26.026000+00:00,50.4935,50.575,16.1406913761188
2025-05-28 05:01:26.026000+00:00,50.49250000000001,50.575,16.339060256472944
2025-05-28 05:01:26.026000+00:00,50.487,50.575,17.430229564046382
2025-05-28 05:01:26.026000+00:00,50.4875,50.575,17.331022530330415
2025-05-28 05:01:26.026000+00:00,50.4855,50.575,17.727862455556746
2025-05-28 05:01:26.026000+00:00,50.442,50.575,26.366916458507326
2025-05-28 05:01:26.026000+00:00,50.4905,50.575,16.73582159020124
2025-05-28 05:02:05.568000+00:00,50.657,50.644999999999996,-2.368873008666217
2025-05-28 05:02:05.568000+00:00,50.661,50.644999999999996,-3.158247961944167
2025-05-28 05:02:05.568000+00:00,50.6635,50.644999999999996,-3.6515440109749764
2025-05-28 05:56:17.027000+00:00,50.957499999999996,51.005,9.321493401365165
2025-05-28 05:56:17.028000+00:00,50.9975,51.005,1.470660326486648
2025-05-28 05:56:17.028000+00:00,50.9945,51.005,2.059045583347302
2025-05-28 05:59:24.920000+00:00,50.521,49.995000000000005,-104.11512044496274
2025-05-28 05:59:24.920000+00:00,50.5205,49.995000000000005,-104.01718114428675
2025-05-28 05:59:24.920000+00:00,50.51649999999999,49.995000000000005,-103.23359694357073
2025-05-28 05:59:24.920000+00:00,50.516,49.995000000000005,-103.13564019320486
2025-05-28 05:59:24.920000+00:00,50.5145,49.995000000000005,-102.84175830701949
2025-05-28 05:59:24.921000+00:00,50.49,49.995000000000005,-98.039215686274
2025-05-28 05:59:24.921000+00:00,50.4765,49.995000000000005,-95.39092448961338
2025-05-28 05:59:24.921000+00:00,50.4715,49.995000000000005,-94.40971637458652
2025-05-28 05:59:24.921000+00:00,50.471000000000004,49.995000000000005,-94.31158487051951
2025-05-28 05:59:24.921000+00:00,50.4705,49.995000000000005,-94.2134514221172
2025-05-28 05:59:24.921000+00:00,50.459,49.995000000000005,-91.95584533978054
2025-05-28 05:59:24.921000+00:00,50.472,49.995000000000005,-94.5078459343788
2025-05-28 05:59:24.921000+00:00,50.458,49.995000000000005,-91.75948313448687
2025-05-28 05:59:24.925000+00:00,50.4815,49.995000000000005,-96.37193823479738
2025-05-28 05:59:24.926000+00:00,50.4095,50.015,-78.25905831242142
2025-05-28 05:59:24.926000+00:00,50.403999999999996,50.015,-77.17641457027138
2025-05-28 05:59:24.926000+00:00,50.403000000000006,50.015,-76.97954486836204
2025-05-28 05:59:24.926000+00:00,50.4015,50.015,-76.68422566788648
2025-05-28 05:59:24.926000+00:00,50.4015,50.015,-76.68422566788648
2025-05-28 05:59:24.926000+00:00,50.4015,50.015,-76.68422566788648
2025-05-28 05:59:24.926000+00:00,50.395,50.015,-75.40430598273689
2025-05-28 05:59:24.926000+00:00,50.444500000000005,50.015,-85.14307803625854
2025-05-28 05:59:24.926000+00:00,50.436,50.015,-83.472123086684
2025-05-28 05:59:24.926000+00:00,50.434,50.015,-83.07887536185845
2025-05-28 05:59:24.926000+00:00,50.432500000000005,50.015,-82.78391909978762
2025-05-28 05:59:24.926000+00:00,50.4285,50.015,-81.99728328227076
2025-05-28 05:59:24.927000+00:00,50.3645,50.015,-69.39411688788711
2025-05-28 05:59:24.927000+00:00,50.335499999999996,50.015,-63.672755808523924
2025-05-28 05:59:24.927000+00:00,50.349500000000006,50.015,-66.43561505079605
2025-05-28 05:59:24.927000+00:00,50.3505,50.015,-66.63290334753303
2025-05-28 05:59:24.928000+00:00,50.331500000000005,49.995000000000005,-66.85673981502654
2025-05-28 05:59:24.928000+00:00,50.3275,49.995000000000005,-66.06725945059779
2025-05-28 05:59:24.928000+00:00,50.341499999999996,49.995000000000005,-68.82989183873977
2025-05-28 05:59:24.928000+00:00,50.343500000000006,49.995000000000005,-69.22442817841456
2025-05-28 05:59:24.928000+00:00,50.318,49.995000000000005,-64.19174053022643
2025-05-28 05:59:24.928000+00:00,50.321,49.995000000000005,-64.78408616680778
2025-05-28 05:59:24.928000+00:00,50.3445,49.995000000000005,-69.42168459315157
2025-05-28 05:59:24.929000+00:00,50.4215,50.040000000000006,-75.66216792439644
2025-05-28 05:59:24.929000+00:00,50.423,50.040000000000006,-75.95740039267706
2025-05-28 05:59:24.930000+00:00,50.3805,50.085,-58.65364575579778
2025-05-28 05:59:24.930000+00:00,50.3745,50.085,-57.469553047672285
2025-05-28 05:59:24.930000+00:00,50.3745,50.085,-57.469553047672285
2025-05-28 05:59:24.930000+00:00,50.372,50.085,-56.976097832128765
2025-05-28 05:59:24.930000+00:00,50.384,50.085,-59.344236265481
2025-05-28 05:59:24.930000+00:00,50.3715,50.085,-56.8774009112289
2025-05-28 05:59:24.930000+00:00,50.3715,50.085,-56.8774009112289
2025-05-28 05:59:24.932000+00:00,50.2995,50.085,-42.64455909104485
2025-05-28 05:59:24.932000+00:00,50.314,50.085,-45.51417100608165
2025-05-28 05:59:24.932000+00:00,50.317,50.085,-46.10767732575458
2025-05-28 05:59:24.932000+00:00,50.319500000000005,50.085,-46.60221186617596
2025-05-28 05:59:24.932000+00:00,50.2845,50.085,-39.674253497598755
2025-05-28 05:59:24.932000+00:00,50.319,50.085,-46.5033088892867
2025-05-28 05:59:24.934000+00:00,50.181,50.085,-19.130746696956326
2025-05-28 05:59:24.934000+00:00,50.2735,50.085,-37.494902881239156
2025-05-28 05:59:24.934000+00:00,50.29,50.085,-40.76357128653774
2025-05-28 05:59:24.935000+00:00,50.177,50.085,-18.335093768060815
2025-05-28 05:59:24.935000+00:00,50.200500000000005,50.085,-23.00773896674423
2025-05-28 05:59:24.935000+00:00,50.177,50.085,-18.335093768060815
2025-05-28 05:59:24.935000+00:00,50.333,50.085,-49.27184948244642
2025-05-28 05:59:24.935000+00:00,50.3325,50.085,-49.17299955297318
2025-05-28 05:59:24.935000+00:00,50.3295,50.085,-48.57985873096338
2025-05-28 05:59:24.936000+00:00,50.1555,50.085,-14.056284953794234
2025-05-28 05:59:24.937000+00:00,50.2115,50.08,-26.18921960108792
2025-05-28 05:59:24.937000+00:00,50.2115,50.08,-26.18921960108792
2025-05-28 05:59:24.937000+00:00,50.2185,50.08,-27.579477682527457
2025-05-28 05:59:24.937000+00:00,50.305499999999995,50.08,-44.82611245291205
2025-05-28 05:59:24.937000+00:00,50.304500000000004,50.08,-44.62821417567138
2025-05-28 05:59:24.937000+00:00,50.2185,50.08,-27.579477682527457
2025-05-28 05:59:24.937000+00:00,50.2095,50.08,-25.79193180573401
2025-05-28 05:59:24.938000+00:00,50.2025,50.08,-24.40117524027733
2025-05-28 05:59:24.938000+00:00,50.183499999999995,50.08,-20.624308786751985
2025-05-28 05:59:24.938000+00:00,50.201,50.08,-24.10310551582682
2025-05-28 05:59:24.939000+00:00,49.9935,50.085,18.302379309310904
2025-05-28 05:59:24.939000+00:00,49.9995,50.085,17.100171001710667
2025-05-28 05:59:24.939000+00:00,49.9765,50.085,21.71020379578389
2025-05-28 05:59:24.939000+00:00,49.986000000000004,50.085,19.805545552754097
2025-05-28 05:59:24.939000+00:00,49.968,50.085,23.41498559077756
2025-05-28 05:59:24.939000+00:00,49.995999999999995,50.085,17.801424113930263
2025-05-28 05:59:24.939000+00:00,49.9525,50.085,26.525198938992098
2025-05-28 05:59:24.939000+00:00,49.989000000000004,50.085,19.204224929483793
2025-05-28 05:59:24.939000+00:00,49.969,50.085,23.214392923612568
2025-05-28 05:59:24.948000+00:00,50.036500000000004,50.010000000000005,-5.296133822309441
2025-05-28 05:59:24.948000+00:00,50.033500000000004,50.010000000000005,-4.696853108417065
2025-05-28 05:59:24.948000+00:00,50.0185,50.010000000000005,-1.6993712326435124
2025-05-28 05:59:24.948000+00:00,50.0305,50.010000000000005,-4.097500524679627
2025-05-28 05:59:24.948000+00:00,50.019999999999996,50.010000000000005,-1.999200319870233
2025-05-28 05:59:24.952000+00:00,50.105,50.06,-8.98113960682459
2025-05-28 05:59:24.955000+00:00,50.1055,50.05,-11.076628314257338
2025-05-28 05:59:24.955000+00:00,50.11,50.05,-11.973657952504944
2025-05-28 05:59:24.955000+00:00,50.113,50.05,-12.571588210644421
2025-05-28 05:59:24.955000+00:00,50.117,50.05,-13.368717201747945
2025-05-28 05:59:24.955000+00:00,50.1215,50.05,-14.265335235378101
2025-05-28 05:59:24.958000+00:00,50.036500000000004,50.035,-0.2997811597548114
2025-05-28 05:59:24.958000+00:00,50.0505,50.035,-3.09687215911988
2025-05-28 05:59:24.960000+00:00,50.025999999999996,50.005,-4.197817135088492
2025-05-28 05:59:24.963000+00:00,50.0485,49.995000000000005,-10.689631057872376
2025-05-28 05:59:24.963000+00:00,50.041,49.995000000000005,-9.192462181010026
2025-05-28 05:59:24.964000+00:00,49.9945,50.01,3.1003410375132963
2025-05-28 05:59:24.964000+00:00,49.989000000000004,50.01,4.200924203323469
2025-05-28 05:59:24.965000+00:00,50.0245,50.019999999999996,-0.8995592159856223
2025-05-28 05:59:24.965000+00:00,50.025999999999996,50.019999999999996,-1.1993763243114037
2025-05-28 05:59:24.992000+00:00,49.9515,49.925,-5.305145991613013
2025-05-28 05:59:24.992000+00:00,49.953,49.925,-5.605268952816807
2025-05-28 05:59:24.992000+00:00,49.955,49.925,-6.005404864378168
2025-05-28 05:59:24.997000+00:00,49.905,49.870000000000005,-7.013325318103715
2025-05-28 05:59:24.997000+00:00,49.899,49.870000000000005,-5.811739714222001
2025-05-28 05:59:24.997000+00:00,49.9055,49.870000000000005,-7.113444409934571
2025-05-28 05:59:24.997000+00:00,49.9055,49.870000000000005,-7.113444409934571
2025-05-28 05:59:25.031000+00:00,49.766999999999996,49.79,4.621536359435618
2025-05-28 05:59:25.033000+00:00,49.675,49.805,26.17010568696579
2025-05-28 05:59:25.033000+00:00,49.6895,49.805,23.244347397336917
2025-05-28 05:59:25.033000+00:00,49.7435,49.805,12.363424367003192
2025-05-28 05:59:25.033000+00:00,49.7545,49.805,10.149835693253785
2025-05-28 05:59:25.034000+00:00,49.703,49.785,16.497998108764786
2025-05-28 05:59:25.035000+00:00,49.672,49.78,21.742631663714786
2025-05-28 05:59:25.036000+00:00,49.644999999999996,49.760000000000005,23.16446772081964
2025-05-28 05:59:25.036000+00:00,49.625,49.760000000000005,27.20403022670128
2025-05-28 05:59:25.039000+00:00,49.686,49.75,12.880892001771134
2025-05-28 05:59:25.039000+00:00,49.6875,49.75,12.578616352201257
2025-05-28 05:59:25.039000+00:00,49.722,49.75,5.6313100840671515
2025-05-28 05:59:25.039000+00:00,49.712,49.75,7.644029610556144
2025-05-28 05:59:25.039000+00:00,49.706500000000005,49.75,8.751370545098636
2025-05-28 05:59:25.039000+00:00,49.7155,49.75,6.939485673482376
2025-05-28 05:59:25.060000+00:00,49.5835,49.685,20.470519426825756
2025-05-28 05:59:25.060000+00:00,49.59,49.685,19.157088122605135
2025-05-28 05:59:25.060000+00:00,49.588,49.685,19.561184157457713
2025-05-28 05:59:25.062000+00:00,49.6865,49.645,-8.35236935586109
2025-05-28 05:59:25.066000+00:00,49.47,49.6,26.27855265817719
2025-05-28 05:59:25.066000+00:00,49.4555,49.6,29.21818604604154
2025-05-28 05:59:25.066000+00:00,49.572,49.6,5.648349874929131
2025-05-28 05:59:25.067000+00:00,49.477000000000004,49.59,22.838894840026587
2025-05-28 05:59:25.071000+00:00,49.436,49.56,25.082935512582395
2025-05-28 05:59:25.072000+00:00,49.431,49.56,26.09698367421353
2025-05-28 05:59:25.072000+00:00,49.429,49.56,26.50266038155743
2025-05-28 05:59:25.073000+00:00,49.4825,49.55,13.641186277976143
2025-05-28 05:59:25.073000+00:00,49.53,49.55,4.037956793861502
2025-05-28 05:59:25.073000+00:00,49.4885,49.55,12.427129535143562
2025-05-28 05:59:25.073000+00:00,49.477000000000004,49.55,14.754330294883134
2025-05-28 05:59:25.073000+00:00,49.5415,49.55,1.7157332741233013
2025-05-28 05:59:25.074000+00:00,49.4745,49.545,14.249765030470783
2025-05-28 05:59:25.075000+00:00,49.476,49.545,13.946155711860825
2025-05-28 05:59:25.082000+00:00,49.543,49.55,1.4129140342728332
2025-05-28 05:59:25.082000+00:00,49.5385,49.55,2.3214267690782053
2025-05-28 05:59:25.099000+00:00,49.6035,49.585,-3.7295755339836836
2025-05-28 05:59:25.099000+00:00,49.604,49.585,-3.830336263204248
2025-05-28 05:59:25.101000+00:00,49.528999999999996,49.6,14.335036039493039
2025-05-28 05:59:25.101000+00:00,49.523,49.6,15.548331078488415
2025-05-28 05:59:25.101000+00:00,49.5415,49.6,11.808281945440129
2025-05-28 05:59:25.101000+00:00,49.5535,49.6,9.38379730997846
2025-05-28 05:59:25.101000+00:00,49.5625,49.6,7.566204287516049
2025-05-28 05:59:25.101000+00:00,49.575,49.6,5.042864346948781
2025-05-28 05:59:25.101000+00:00,49.542,49.6,11.70723830285411
2025-05-28 05:59:25.102000+00:00,49.584999999999994,49.6,3.0251083997192043
2025-05-28 05:59:25.102000+00:00,49.6135,49.6,-2.7210335896480817
2025-05-28 05:59:25.102000+00:00,49.6045,49.6,-0.90717576026372
2025-05-28 05:59:25.102000+00:00,49.5995,49.6,0.10080746781769724
2025-05-28 05:59:25.102000+00:00,49.5805,49.6,3.932997851978245
2025-05-28 05:59:25.102000+00:00,49.6195,49.6,-3.92990658914353
2025-05-28 05:59:25.102000+00:00,49.6225,49.6,-4.534233462643126
2025-05-28 05:59:25.102000+00:00,49.616,49.6,-3.224766204449822
2025-05-28 05:59:25.102000+00:00,49.6435,49.6,-8.762476457139735
2025-05-28 05:59:25.102000+00:00,49.614999999999995,49.6,-3.0232792502254284
2025-05-28 05:59:26.652000+00:00,49.0505,49.120000000000005,14.169070651676334
2025-05-28 05:59:26.652000+00:00,49.05,49.120000000000005,14.271151885832293
2025-05-28 05:59:26.652000+00:00,49.053,49.120000000000005,13.658695696493034
2025-05-28 05:59:26.652000+00:00,49.052499999999995,49.120000000000005,13.760766525663254
2025-05-28 05:59:26.654000+00:00,49.120000000000005,49.1,-4.071661237785652
2025-05-28 05:59:26.654000+00:00,49.123000000000005,49.1,-4.682124463083126
2025-05-28 05:59:26.656000+00:00,48.903000000000006,49.07,34.14923419830981
2025-05-28 05:59:26.656000+00:00,48.906000000000006,49.07,33.53371774424291
2025-05-28 05:59:26.656000+00:00,49.0805,49.07,-2.1393425087357296
2025-05-28 05:59:26.656000+00:00,48.8655,49.07,41.8495666676905
2025-05-28 05:59:26.656000+00:00,48.854,49.07,44.21337045073097
2025-05-28 05:59:26.656000+00:00,49.019000000000005,49.07,10.404129011198682
2025-05-28 05:59:26.656000+00:00,49.063,49.07,1.4267370523608212
2025-05-28 05:59:26.656000+00:00,49.0675,49.07,0.5095022163341777
2025-05-28 05:59:26.656000+00:00,49.063,49.07,1.4267370523608212
2025-05-28 05:59:26.656000+00:00,49.0445,49.07,5.199359765111473
2025-05-28 05:59:26.656000+00:00,49.0505,49.07,3.975494643275958
2025-05-28 05:59:26.656000+00:00,49.0655,49.07,0.9171413722473369
2025-05-28 05:59:26.656000+00:00,49.036500000000004,49.07,6.831645814851494
2025-05-28 05:59:26.657000+00:00,48.9585,48.985,5.412747531071956
2025-05-28 05:59:26.657000+00:00,48.9835,48.985,0.30622556575174437
2025-05-28 05:59:26.657000+00:00,49.001999999999995,48.985,-3.469246153217401
2025-05-28 05:59:26.657000+00:00,48.975,48.985,2.041858090862279
2025-05-28 05:59:26.657000+00:00,48.9865,48.985,-0.30620681208089107
2025-05-28 05:59:26.658000+00:00,48.938,48.989999999999995,10.625689648124668
2025-05-28 05:59:26.658000+00:00,48.9025,48.989999999999995,17.892745769641934
2025-05-28 05:59:26.658000+00:00,48.844,48.989999999999995,29.891081811480156
2025-05-28 05:59:26.658000+00:00,48.92400000000001,48.989999999999995,13.490311503554143
2025-05-28 05:59:26.658000+00:00,48.92400000000001,48.989999999999995,13.490311503554143
2025-05-28 05:59:26.658000+00:00,48.933,48.989999999999995,11.648580712401662
2025-05-28 05:59:26.658000+00:00,48.933,48.989999999999995,11.648580712401662
2025-05-28 05:59:26.658000+00:00,48.938,48.989999999999995,10.625689648124668
2025-05-28 05:59:26.658000+00:00,48.9025,48.989999999999995,17.892745769641934
2025-05-28 05:59:26.658000+00:00,48.9465,48.989999999999995,8.887254451287538
2025-05-28 05:59:26.658000+00:00,48.833,48.989999999999995,32.150390105051194
2025-05-28 05:59:26.658000+00:00,48.8695,48.989999999999995,24.657506215531715
2025-05-28 05:59:26.658000+00:00,48.8925,48.989999999999995,19.94170885105008
2025-05-28 05:59:26.658000+00:00,48.89,48.989999999999995,20.45408058907636
2025-05-28 05:59:26.658000+00:00,48.8695,48.989999999999995,24.657506215531715
2025-05-28 05:59:26.658000+00:00,48.8905,48.989999999999995,20.351602049476263
2025-05-28 05:59:26.658000+00:00,48.9,48.989999999999995,18.40490797545937
2025-05-28 05:59:26.658000+00:00,48.951499999999996,48.989999999999995,7.864927530310428
2025-05-28 05:59:26.658000+00:00,48.912499999999994,48.989999999999995,15.844620495783404
2025-05-28 05:59:26.658000+00:00,48.9405,48.989999999999995,10.114322493639166
2025-05-28 05:59:26.658000+00:00,48.919,48.989999999999995,14.513788098693343
2025-05-28 05:59:26.658000+00:00,48.9495,48.989999999999995,8.27383323629341
2025-05-28 05:59:26.658000+00:00,48.948499999999996,48.989999999999995,8.478298619977979
2025-05-28 05:59:26.658000+00:00,48.9355,48.989999999999995,11.13710905171038
2025-05-28 05:59:26.658000+00:00,48.930499999999995,48.989999999999995,12.160104638211319
2025-05-28 05:59:26.658000+00:00,48.854,48.989999999999995,27.83804806157033
2025-05-28 05:59:26.658000+00:00,48.9025,48.989999999999995,17.892745769641934
2025-05-28 05:59:26.658000+00:00,48.8905,48.989999999999995,20.351602049476263
2025-05-28 05:59:26.659000+00:00,48.834,48.955,24.777818732849063
2025-05-28 05:59:26.659000+00:00,48.842,48.955,23.135825723762242
2025-05-28 05:59:26.659000+00:00,48.842,48.955,23.135825723762242
2025-05-28 05:59:26.659000+00:00,48.842,48.955,23.135825723762242
2025-05-28 05:59:26.659000+00:00,48.846000000000004,48.955,22.315030913482094
2025-05-28 05:59:26.661000+00:00,48.936,48.92,-3.2695765898312565
2025-05-28 05:59:26.662000+00:00,48.894999999999996,48.995000000000005,20.451988955927707
2025-05-28 05:59:26.662000+00:00,48.872,48.995000000000005,25.167785234900283
2025-05-28 05:59:26.663000+00:00,48.8695,48.94,14.426175835643003
2025-05-28 05:59:26.663000+00:00,48.8615,48.94,16.065818691607554
2025-05-28 05:59:26.664000+00:00,48.896,48.885,-2.2496727748696794
2025-05-28 05:59:26.666000+00:00,48.852,48.815,-7.573896667485268
2025-05-28 05:59:26.667000+00:00,48.852000000000004,48.80500000000001,-9.620895766805257
2025-05-28 05:59:26.667000+00:00,48.8435,48.80500000000001,-7.882318015701575
2025-05-28 05:59:26.667000+00:00,48.854,48.80500000000001,-10.029884963358656
2025-05-28 05:59:26.678000+00:00,48.805,48.875,14.34279274664487
2025-05-28 05:59:26.678000+00:00,48.804,48.875,14.547987869846313
2025-05-28 05:59:26.678000+00:00,48.807,48.875,13.93242772553073
2025-05-28 05:59:26.683000+00:00,48.8425,48.875,6.654041050314554
2025-05-28 05:59:26.685000+00:00,48.8365,48.885,9.931096618307434
2025-05-28 05:59:26.688000+00:00,48.869,48.86,-1.84165831099477
2025-05-28 05:59:26.688000+00:00,48.8695,48.86,-1.9439527721795247
2025-05-28 05:59:26.688000+00:00,48.865,48.86,-1.0232272587746971
2025-05-28 05:59:26.857000+00:00,48.924499999999995,48.915,-1.941767417141846
2025-05-28 05:59:26.857000+00:00,48.921,48.915,-1.2264671613418017
2025-05-28 05:59:26.857000+00:00,48.921,48.915,-1.2264671613418017
2025-05-28 05:59:26.858000+00:00,48.921,48.89,-6.336747000265491
2025-05-28 05:59:26.858000+00:00,48.9195,48.89,-6.030315109516399
2025-05-28 05:59:26.858000+00:00,48.913,48.89,-4.702226401978234
2025-05-28 05:59:26.858000+00:00,48.911,48.89,-4.293512706753244
2025-05-28 05:59:26.858000+00:00,48.912499999999994,48.89,-4.6000511116777405
2025-05-28 05:59:26.859000+00:00,48.9075,48.875,-6.64519756683512
2025-05-28 05:59:26.859000+00:00,48.907,48.875,-6.543030650008481
2025-05-28 05:59:26.859000+00:00,48.8715,48.875,0.7161638173582765
2025-05-28 05:59:26.859000+00:00,48.8685,48.875,1.3301001667746328
2025-05-28 05:59:26.859000+00:00,48.8715,48.875,0.7161638173582765
2025-05-28 05:59:26.859000+00:00,48.8705,48.875,0.9208008921537881
2025-05-28 05:59:26.859000+00:00,48.8795,48.875,-0.9206313485203756
2025-05-28 05:59:26.859000+00:00,48.8685,48.875,1.3301001667746328
2025-05-28 05:59:27.001000+00:00,49.004000000000005,49.065,12.447963431555145
2025-05-28 05:59:27.001000+00:00,49.0035,49.065,12.55012397073581
2025-05-28 05:59:27.026000+00:00,48.9945,49.075,16.43041565890063
2025-05-28 05:59:27.026000+00:00,48.9965,49.075,16.02155255987782
2025-05-28 05:59:27.026000+00:00,48.9955,49.075,16.225979936933598
2025-05-28 05:59:27.026000+00:00,48.9895,49.075,17.45271946029317
2025-05-28 05:59:27.026000+00:00,48.973,49.075,20.827803075164656
2025-05-28 05:59:27.026000+00:00,48.9755,49.075,20.316280589275483
2025-05-28 05:59:27.026000+00:00,48.9615,49.075,23.18147932559295
2025-05-28 05:59:27.026000+00:00,48.9775,49.075,19.90710019907176
2025-05-28 05:59:27.026000+00:00,48.9795,49.075,19.49795322532922
2025-05-28 05:59:27.026000+00:00,48.9885,49.075,17.657205262459744
2025-05-28 05:59:27.026000+00:00,48.977,49.075,20.009392163669904
2025-05-28 05:59:27.026000+00:00,48.995000000000005,49.075,16.328196754770545
2025-05-28 05:59:27.027000+00:00,48.836,49.025,38.70095830944387
2025-05-28 05:59:27.027000+00:00,48.9445,49.025,16.447200400453713
2025-05-28 05:59:27.027000+00:00,48.943,49.025,16.754183437876865
2025-05-28 05:59:27.027000+00:00,49.04,49.025,-3.058727569331274
2025-05-28 05:59:27.027000+00:00,49.0445,49.025,-3.9759809968499504
2025-05-28 05:59:27.027000+00:00,48.948,49.025,15.730979815313841
2025-05-28 05:59:27.027000+00:00,48.8445,49.025,36.954007104177975
2025-05-28 05:59:27.027000+00:00,48.937,49.025,17.982303778327434
2025-05-28 05:59:27.027000+00:00,48.9305,49.025,19.313107366570232
2025-05-28 05:59:27.027000+00:00,48.9275,49.025,19.927443666648937
2025-05-28 05:59:27.027000+00:00,48.924,49.025,20.644264573624213
2025-05-28 05:59:27.027000+00:00,48.9225,49.025,20.95150493126867
2025-05-28 05:59:27.027000+00:00,48.908,49.025,23.92246667211853
2025-05-28 05:59:27.027000+00:00,48.911,49.025,23.30764040808759
2025-05-28 05:59:27.027000+00:00,48.906000000000006,49.025,24.33239275344388
2025-05-28 05:59:27.027000+00:00,48.939,49.025,17.572896871615384
2025-05-28 05:59:27.028000+00:00,48.8865,49.045,32.42203880416958
2025-05-28 05:59:27.028000+00:00,48.8855,49.045,32.62726166245641
2025-05-28 05:59:27.028000+00:00,48.883,49.045,33.14035554282655
2025-05-28 05:59:27.028000+00:00,48.8785,49.045,34.06405679388672
2025-05-28 05:59:27.028000+00:00,48.879000000000005,49.045,33.96141492256323
2025-05-28 05:59:27.028000+00:00,48.866,49.045,36.63078623173619
2025-05-28 05:59:27.028000+00:00,48.8365,49.045,42.69347721478828
2025-05-28 05:59:27.028000+00:00,48.837500000000006,49.045,42.487842334271
2025-05-28 05:59:27.028000+00:00,48.839,49.045,42.17940580274024
2025-05-28 05:59:27.028000+00:00,48.8395,49.045,42.07659783576832
2025-05-28 05:59:27.028000+00:00,48.838,49.045,42.38502805192693
2025-05-28 05:59:27.028000+00:00,48.833,49.045,43.413265619561216
2025-05-28 05:59:27.028000+00:00,48.867999999999995,49.045,36.220021281821786
2025-05-28 05:59:27.029000+00:00,48.832,48.985,31.331913499344424
2025-05-28 05:59:27.029000+00:00,48.831,48.985,31.537343081238628
2025-05-28 05:59:27.029000+00:00,49.087500000000006,48.985,-20.88107970461039
2025-05-28 05:59:27.029000+00:00,48.8035,48.985,37.18995563842753
2025-05-28 05:59:27.029000+00:00,48.820499999999996,48.985,33.69486178961786
2025-05-28 05:59:27.029000+00:00,49.0245,48.985,-8.057195891850782
2025-05-28 05:59:27.030000+00:00,48.835499999999996,48.980000000000004,29.589130857676864
2025-05-28 05:59:27.030000+00:00,48.8225,48.980000000000004,32.25971631932121
2025-05-28 05:59:27.030000+00:00,48.826,48.980000000000004,31.540572645722253
2025-05-28 05:59:27.030000+00:00,49.1405,48.980000000000004,-32.661450331193
2025-05-28 05:59:27.030000+00:00,48.831,48.980000000000004,30.513403370809712
2025-05-28 05:59:27.030000+00:00,48.799499999999995,48.980000000000004,36.98808389430408
2025-05-28 05:59:27.030000+00:00,48.8275,48.980000000000004,31.232399774717813
2025-05-28 05:59:27.031000+00:00,48.7745,48.92,29.831161775107567
2025-05-28 05:59:27.031000+00:00,48.7805,48.92,28.597492850626413
2025-05-28 05:59:27.031000+00:00,48.781000000000006,48.92,28.494700805640672
2025-05-28 05:59:27.031000+00:00,48.789500000000004,48.92,26.747558388587265
2025-05-28 05:59:27.031000+00:00,48.7795,48.92,28.80308326243667
2025-05-28 05:59:27.031000+00:00,48.772,48.92,30.345280078734366
2025-05-28 05:59:27.032000+00:00,48.7315,48.95,44.837528087583166
2025-05-28 05:59:27.032000+00:00,48.7465,48.95,41.74658693444767
2025-05-28 05:59:27.032000+00:00,48.7345,48.95,44.219187639148
2025-05-28 05:59:27.032000+00:00,49.033,48.95,-16.927375441029184
2025-05-28 05:59:27.032000+00:00,49.1165,48.95,-33.898995245996595
2025-05-28 05:59:27.032000+00:00,49.035,48.95,-17.334556949116703
2025-05-28 05:59:27.032000+00:00,49.032,48.95,-16.723772230378863
2025-05-28 05:59:27.032000+00:00,49.028,48.95,-15.909276331891133
2025-05-28 05:59:27.032000+00:00,49.007999999999996,48.95,-11.83480248122607
2025-05-28 05:59:27.032000+00:00,49.031,48.95,-16.520160714649094
2025-05-28 05:59:27.033000+00:00,48.9935,48.95,-8.878728810963606
2025-05-28 05:59:27.033000+00:00,48.994,48.95,-8.980691513245894
2025-05-28 05:59:27.033000+00:00,48.958,48.95,-1.6340536786624384
2025-05-28 05:59:27.033000+00:00,48.9585,48.95,-1.736164302418978
2025-05-28 05:59:27.033000+00:00,48.9945,48.95,-9.082652134423112
2025-05-28 05:59:27.033000+00:00,48.9935,48.95,-8.878728810963606
2025-05-28 05:59:27.033000+00:00,48.9925,48.95,-8.674797162830409
2025-05-28 05:59:27.033000+00:00,48.992000000000004,48.95,-8.572828216852054
2025-05-28 05:59:27.033000+00:00,48.9785,48.95,-5.818879712525695
2025-05-28 05:59:27.033000+00:00,48.963499999999996,48.95,-2.757155840573776
2025-05-28 05:59:27.033000+00:00,48.985,48.95,-7.145044401346655
2025-05-28 05:59:27.033000+00:00,48.963499999999996,48.95,-2.757155840573776
2025-05-28 05:59:27.033000+00:00,48.948499999999996,48.95,0.30644452843440806
2025-05-28 05:59:27.034000+00:00,48.9865,48.91,-15.616547416125444
2025-05-28 05:59:27.034000+00:00,48.870000000000005,48.91,8.184980560669539
2025-05-28 05:59:27.034000+00:00,48.870000000000005,48.91,8.184980560669539
2025-05-28 05:59:27.034000+00:00,48.791,48.91,24.389744010165764
2025-05-28 05:59:27.034000+00:00,48.9055,48.91,0.9201419063281359
2025-05-28 05:59:27.034000+00:00,48.8955,48.91,2.9655080733397106
2025-05-28 05:59:27.034000+00:00,48.9005,48.91,1.9427204220806789
2025-05-28 05:59:27.034000+00:00,48.845,48.91,13.307400962226989
2025-05-28 05:59:27.034000+00:00,48.8605,48.91,10.130882819454317
2025-05-28 05:59:27.034000+00:00,48.8455,48.91,13.204901167967437
2025-05-28 05:59:27.034000+00:00,48.8175,48.91,18.948123111587858
2025-05-28 05:59:27.034000+00:00,48.833,48.91,15.76802572031171
2025-05-28 05:59:27.034000+00:00,48.845,48.91,13.307400962226989
2025-05-28 05:59:27.034000+00:00,48.809,48.91,20.69290499702905
2025-05-28 05:59:27.034000+00:00,48.886,48.91,4.9093810088765295
2025-05-28 05:59:27.034000+00:00,48.828,48.91,16.793642991724756
2025-05-28 05:59:27.034000+00:00,48.774,48.91,27.883708533234035
2025-05-28 05:59:27.034000+00:00,48.845,48.91,13.307400962226989
2025-05-28 05:59:27.034000+00:00,48.828,48.91,16.793642991724756
2025-05-28 05:59:27.035000+00:00,48.8945,48.94,9.305750135495195
2025-05-28 05:59:27.035000+00:00,48.8925,48.94,9.71519149153744
2025-05-28 05:59:27.035000+00:00,48.781000000000006,48.94,32.59465775609188
2025-05-28 05:59:27.035000+00:00,48.7375,48.94,41.54911515773287
2025-05-28 05:59:27.035000+00:00,48.7665,48.94,35.577701906020955
2025-05-28 05:59:27.035000+00:00,48.783,48.94,32.18334255785755
2025-05-28 05:59:27.035000+00:00,48.7405,48.94,40.931053230886114
2025-05-28 05:59:27.036000+00:00,48.783,48.875,18.859028760018603
2025-05-28 05:59:27.036000+00:00,48.834,48.875,8.395789818568376
2025-05-28 05:59:27.036000+00:00,48.7815,48.875,19.16710228262739
2025-05-28 05:59:27.036000+00:00,48.835499999999996,48.875,8.088378331337626
2025-05-28 05:59:27.036000+00:00,48.826,48.875,10.035636750911296
2025-05-28 05:59:27.036000+00:00,48.807,48.875,13.93242772553073
2025-05-28 05:59:27.036000+00:00,48.788,48.875,17.83225383291041
2025-05-28 05:59:27.036000+00:00,48.783,48.875,18.859028760018603
2025-05-28 05:59:27.036000+00:00,48.826,48.875,10.035636750911296
2025-05-28 05:59:27.037000+00:00,48.7435,48.845,20.823289259081
2025-05-28 05:59:27.037000+00:00,48.7425,48.845,21.028876237369676
2025-05-28 05:59:27.037000+00:00,48.7155,48.845,26.582915088626862
2025-05-28 05:59:27.037000+00:00,48.712999999999994,48.845,27.09748937655349
2025-05-28 05:59:27.037000+00:00,48.727999999999994,48.845,24.010835659170176
2025-05-28 05:59:27.037000+00:00,48.7345,48.845,22.67387579640744
2025-05-28 05:59:27.037000+00:00,48.671499999999995,48.845,35.64714463289691
2025-05-28 05:59:27.038000+00:00,48.634,48.845,43.38528601389943
2025-05-28 05:59:27.039000+00:00,48.643,48.84,40.499146845384274
2025-05-28 05:59:27.045000+00:00,48.6405,48.760000000000005,24.568004029564285
2025-05-28 05:59:27.048000+00:00,48.588499999999996,48.795,42.49976846373226
2025-05-28 05:59:27.048000+00:00,48.593,48.795,41.56977342415536
2025-05-28 05:59:27.055000+00:00,48.548,48.795,50.8774820795913
2025-05-28 05:59:27.056000+00:00,48.537499999999994,48.805,55.112026783416006
2025-05-28 05:59:27.056000+00:00,48.545,48.805,53.558553919043774
2025-05-28 05:59:27.059000+00:00,48.585,48.78,40.135844396418705
2025-05-28 05:59:27.060000+00:00,48.5845,48.745000000000005,33.03522728442324
2025-05-28 05:59:27.203000+00:00,48.454,48.5,9.493540264993474
2025-05-28 05:59:27.203000+00:00,48.444,48.5,11.559739080174507
2025-05-28 05:59:27.203000+00:00,48.424499999999995,48.5,15.591281272910457
2025-05-28 05:59:27.203000+00:00,48.424499999999995,48.5,15.591281272910457
2025-05-28 05:59:27.203000+00:00,48.421499999999995,48.5,16.211806738743192
2025-05-28 05:59:27.203000+00:00,48.455,48.5,9.286967289237788
2025-05-28 05:59:27.203000+00:00,48.448,48.5,10.733157199471517
2025-05-28 05:59:27.203000+00:00,48.4375,48.5,12.903225806451612
2025-05-28 05:59:27.204000+00:00,48.4965,48.45,-9.58832080665505
2025-05-28 05:59:27.204000+00:00,48.4965,48.45,-9.58832080665505
2025-05-28 05:59:27.205000+00:00,48.459,48.47,2.269960172516081
2025-05-28 05:59:27.205000+00:00,48.435,48.47,7.226179415711074
2025-05-28 05:59:27.205000+00:00,48.436,48.47,7.01957221901043
2025-05-28 05:59:27.205000+00:00,48.4405,48.47,6.089945396929997
2025-05-28 05:59:27.206000+00:00,48.422,48.475,10.945438024039566
2025-05-28 05:59:27.206000+00:00,48.427,48.475,9.911826047453243
2025-05-28 05:59:27.329000+00:00,48.537499999999994,48.545,1.5451970126206316
2025-05-28 05:59:27.329000+00:00,48.536500000000004,48.545,1.7512593615110181
2025-05-28 05:59:27.331000+00:00,48.5325,48.53,-0.5151187348679187
2025-05-28 05:59:27.331000+00:00,48.534,48.53,-0.824164503234389
2025-05-28 05:59:27.331000+00:00,48.528000000000006,48.53,0.41213320144974835
2025-05-28 05:59:27.331000+00:00,48.533,48.53,-0.618136113572232
2025-05-28 05:59:27.332000+00:00,48.491,48.55,12.167206285701987
2025-05-28 05:59:27.332000+00:00,48.49,48.55,12.37368529593631
2025-05-28 05:59:27.332000+00:00,48.494,48.55,11.547820348908605
2025-05-28 05:59:27.332000+00:00,48.491,48.55,12.167206285701987
2025-05-28 05:59:27.333000+00:00,48.5325,48.540000000000006,1.545356204606684
2025-05-28 05:59:27.333000+00:00,48.539,48.540000000000006,0.20601990152347077
2025-05-28 05:59:27.333000+00:00,48.537499999999994,48.540000000000006,0.5150656708754957
2025-05-28 05:59:27.334000+00:00,48.5005,48.555,11.236997556725667
2025-05-28 05:59:27.335000+00:00,48.4915,48.56,14.126187063712244
2025-05-28 05:59:27.335000+00:00,48.4905,48.56,14.332704344150917
2025-05-28 05:59:27.742000+00:00,48.616,48.620000000000005,0.8227743952618249
2025-05-28 05:59:28.030000+00:00,49.022999999999996,49.09,13.667054239848088
2025-05-28 05:59:28.031000+00:00,49.031,49.135000000000005,21.21107054720612
2025-05-28 05:59:28.031000+00:00,49.046,49.135000000000005,18.146230069731626
2025-05-28 05:59:28.034000+00:00,49.089,49.135,9.370734787834214
2025-05-28 05:59:28.044000+00:00,49.1395,49.120000000000005,-3.9682943456880175
2025-05-28 05:59:28.044000+00:00,49.1485,49.120000000000005,-5.79875275949296
2025-05-28 05:59:28.045000+00:00,49.1005,49.15,10.081363733567251
2025-05-28 05:59:28.093000+00:00,49.06,49.135,15.287403179778993
2025-05-28 05:59:28.093000+00:00,49.0575,49.135,15.797788309636768
2025-05-28 05:59:28.093000+00:00,49.067499999999995,49.135,13.75655984103583
2025-05-28 05:59:28.094000+00:00,49.1215,49.135,2.7482874097901147
2025-05-28 05:59:28.094000+00:00,49.129000000000005,49.135,1.2212746035932183
2025-05-28 05:59:28.094000+00:00,49.1235,49.135,2.3410384032078473
2025-05-28 05:59:28.187000+00:00,49.0705,49.11,8.049642860781276
2025-05-28 05:59:28.191000+00:00,49.059,49.09,6.318922114190244
2025-05-28 05:59:28.191000+00:00,49.051,49.09,7.950908238364453
2025-05-28 05:59:28.191000+00:00,49.067,49.09,4.687468155787646
2025-05-28 05:59:28.191000+00:00,49.051,49.09,7.950908238364453
2025-05-28 05:59:28.191000+00:00,49.066,49.09,4.891370806668753
2025-05-28 05:59:28.191000+00:00,49.062,49.09,5.707064530595125
2025-05-28 05:59:28.210000+00:00,49.114999999999995,49.16,9.162170416370092
2025-05-28 05:59:28.212000+00:00,49.0805,49.175,19.254082578620118
2025-05-28 05:59:28.213000+00:00,49.1165,49.185,13.9464334795843
2025-05-28 05:59:28.213000+00:00,49.1175,49.185,13.74255611543799
2025-05-28 05:59:28.306000+00:00,49.238,49.25,2.437142044762268
2025-05-28 05:59:28.307000+00:00,49.251000000000005,49.275,4.872997502587522
2025-05-28 05:59:28.307000+00:00,49.251000000000005,49.275,4.872997502587522
2025-05-28 05:59:28.307000+00:00,49.2505,49.275,4.974568786102921
2025-05-28 05:59:28.332000+00:00,49.295500000000004,49.325,5.984319055491627
2025-05-28 05:59:28.437000+00:00,49.257999999999996,49.32,12.58678793292556
2025-05-28 05:59:28.437000+00:00,49.2535,49.32,13.501578568020095
2025-05-28 05:59:28.439000+00:00,49.2275,49.31,16.758925397390307
2025-05-28 05:59:28.657000+00:00,49.1755,49.260000000000005,17.18335349920297
2025-05-28 05:59:28.657000+00:00,49.178,49.260000000000005,16.67412257513682
2025-05-28 05:59:29.025000+00:00,49.218999999999994,49.28,12.393587842094934
2025-05-28 05:59:29.026000+00:00,49.153,49.28,25.83769047667537
2025-05-28 05:59:29.026000+00:00,49.125,49.28,31.552162849873003
2025-05-28 05:59:29.026000+00:00,49.129000000000005,49.28,30.73541085713046
2025-05-28 05:59:29.026000+00:00,49.133,49.28,29.918791850690667
2025-05-28 05:59:29.026000+00:00,49.2885,49.28,-1.7245402071472968
2025-05-28 05:59:29.026000+00:00,49.2855,49.28,-1.1159468809280295
2025-05-28 05:59:29.026000+00:00,49.1435,49.28,27.775799444483617
2025-05-28 05:59:29.026000+00:00,49.144000000000005,49.28,27.67377502848683
2025-05-28 05:59:29.026000+00:00,49.1095,49.28,34.71833351999188
2025-05-28 05:59:29.026000+00:00,49.1215,49.28,32.26692995938716
2025-05-28 05:59:29.026000+00:00,49.122,49.28,32.16481413623249
2025-05-28 05:59:29.026000+00:00,48.972,49.28,62.89308176100625
2025-05-28 05:59:29.026000+00:00,49.126999999999995,49.28,31.143770228185275
2025-05-28 05:59:29.027000+00:00,49.2765,49.144999999999996,-26.68614856980561
2025-05-28 05:59:29.027000+00:00,49.3035,49.144999999999996,-32.147819120347165
2025-05-28 05:59:29.027000+00:00,49.305499999999995,49.144999999999996,-32.55214935453428
2025-05-28 05:59:29.027000+00:00,49.3105,49.144999999999996,-33.562831445635624
2025-05-28 05:59:29.027000+00:00,49.3215,49.144999999999996,-35.785610737711615
2025-05-28 05:59:29.027000+00:00,49.326,49.144999999999996,-36.694643798403376
2025-05-28 05:59:29.027000+00:00,49.272,49.144999999999996,-25.775288196136234
2025-05-28 05:59:29.027000+00:00,49.3215,49.144999999999996,-35.785610737711615
2025-05-28 05:59:29.027000+00:00,49.186,49.144999999999996,-8.335705281991608
2025-05-28 05:59:29.027000+00:00,49.281,49.144999999999996,-27.596842596538785
2025-05-28 05:59:29.027000+00:00,49.272999999999996,49.144999999999996,-25.977715990501924
2025-05-28 05:59:29.027000+00:00,49.2805,49.144999999999996,-27.495662584593802
2025-05-28 05:59:29.027000+00:00,49.230000000000004,49.144999999999996,-17.265894779607546
2025-05-28 05:59:29.027000+00:00,49.269999999999996,49.144999999999996,-25.370407956159937
2025-05-28 05:59:29.027000+00:00,49.2445,49.144999999999996,-20.205302114958247
2025-05-28 05:59:29.027000+00:00,49.2795,49.144999999999996,-27.29329640114099
2025-05-28 05:59:29.027000+00:00,49.198,49.144999999999996,-10.772795642100162
2025-05-28 05:59:29.027000+00:00,49.244,49.144999999999996,-20.103972057510305
2025-05-28 05:59:29.027000+00:00,49.198,49.144999999999996,-10.772795642100162
2025-05-28 05:59:29.027000+00:00,49.215,49.144999999999996,-14.22330590267345
2025-05-28 05:59:29.027000+00:00,49.198,49.144999999999996,-10.772795642100162
2025-05-28 05:59:29.027000+00:00,49.254000000000005,49.144999999999996,-22.130182320219443
2025-05-28 05:59:29.027000+00:00,49.257000000000005,49.144999999999996,-22.73788497066589
2025-05-28 05:59:29.027000+00:00,49.260000000000005,49.144999999999996,-23.345513601301075
2025-05-28 05:59:29.027000+00:00,49.2645,49.144999999999996,-24.256817789686725
2025-05-28 05:59:29.027000+00:00,49.2315,49.144999999999996,-17.570051694545345
2025-05-28 05:59:29.028000+00:00,49.1825,49.144999999999996,-7.624663244040344
2025-05-28 05:59:29.028000+00:00,49.147999999999996,49.144999999999996,-0.6104012370798637
2025-05-28 05:59:29.028000+00:00,49.168,49.144999999999996,-4.677839245038082
2025-05-28 05:59:29.028000+00:00,49.174,49.144999999999996,-5.89742546874435
2025-05-28 05:59:29.028000+00:00,49.176500000000004,49.144999999999996,-6.405498561306375
2025-05-28 05:59:29.029000+00:00,49.132999999999996,49.2,13.636456149636146
2025-05-28 05:59:29.029000+00:00,49.132999999999996,49.2,13.636456149636146
2025-05-28 05:59:29.029000+00:00,49.1245,49.2,15.3691131716364
2025-05-28 05:59:29.029000+00:00,49.117999999999995,49.2,16.69449081803165
2025-05-28 05:59:29.029000+00:00,49.117999999999995,49.2,16.69449081803165
2025-05-28 05:59:29.029000+00:00,49.1245,49.2,15.3691131716364
2025-05-28 05:59:29.029000+00:00,49.108999999999995,49.2,18.530208312123683
2025-05-28 05:59:29.029000+00:00,49.0655,49.2,27.412336570503253
2025-05-28 05:59:29.029000+00:00,49.108999999999995,49.2,18.530208312123683
2025-05-28 05:59:29.029000+00:00,49.095,49.2,21.387106630003867
2025-05-28 05:59:29.029000+00:00,49.108999999999995,49.2,18.530208312123683
2025-05-28 05:59:29.029000+00:00,49.1065,49.2,19.040249254173258
2025-05-28 05:59:29.029000+00:00,49.126000000000005,49.2,15.06330659935636
2025-05-28 05:59:29.029000+00:00,49.1065,49.2,19.040249254173258
2025-05-28 05:59:29.029000+00:00,49.0835,49.2,23.73506371795044
2025-05-28 05:59:29.029000+00:00,49.1085,49.2,18.63221234613223
2025-05-28 05:59:29.029000+00:00,49.1755,49.2,4.982155748289961
2025-05-28 05:59:29.030000+00:00,49.096000000000004,49.14,8.962033566888733
2025-05-28 05:59:29.030000+00:00,49.0685,49.14,14.571466419393367
2025-05-28 05:59:29.030000+00:00,49.076,49.14,13.04099763631919
2025-05-28 05:59:29.030000+00:00,49.0775,49.14,12.734960012225562
2025-05-28 05:59:29.030000+00:00,49.083,49.14,11.612982091559637
2025-05-28 05:59:29.030000+00:00,49.065,49.14,15.28584530724607
2025-05-28 05:59:29.030000+00:00,49.0655,49.14,15.18378494053876
2025-05-28 05:59:29.059000+00:00,48.9615,49.09,26.245110954526005
2025-05-28 05:59:29.061000+00:00,49.057,49.06,0.6115335222292666
2025-05-28 05:59:29.061000+00:00,49.0565,49.06,0.7134630477108032
2025-05-28 05:59:30.720000+00:00,49.224999999999994,49.275,10.157440325038957
2025-05-28 05:59:30.720000+00:00,49.227,49.275,9.750746541532456
2025-05-28 05:59:31.003000+00:00,49.3845,49.43,9.213417165304293
2025-05-28 05:59:31.305000+00:00,49.3625,49.400000000000006,7.596859964549714
2025-05-28 05:59:31.305000+00:00,49.347,49.400000000000006,10.740267898758663
2025-05-28 05:59:31.306000+00:00,49.3855,49.400000000000006,2.93608447823861
2025-05-28 05:59:34.427000+00:00,49.0995,49.295,39.817106080510534
2025-05-28 05:59:34.434000+00:00,49.085,49.114999999999995,6.111846796372422
2025-05-28 05:59:34.434000+00:00,49.085499999999996,49.114999999999995,6.009921463568417
2025-05-28 05:59:57.690000+00:00,49.3795,49.335,-9.011836895877707
2025-05-28 05:59:57.690000+00:00,49.373000000000005,49.335,-7.696514289187168
2025-05-28 05:59:57.690000+00:00,49.3775,49.335,-8.607159131182598
2025-05-28 05:59:57.690000+00:00,49.3795,49.335,-9.011836895877707
2025-05-28 05:59:57.690000+00:00,49.379999999999995,49.335,-9.113001215065735
2025-05-28 05:59:57.690000+00:00,49.3745,49.335,-8.000081013477962
2025-05-28 05:59:57.690000+00:00,49.3775,49.335,-8.607159131182598
2025-05-28 05:59:57.690000+00:00,49.3735,49.335,-7.797705246741489
2025-05-28 05:59:57.690000+00:00,49.369,49.335,-6.886912840041102
2025-05-28 05:59:57.690000+00:00,49.3715,49.335,-7.39292911902548
2025-05-28 05:59:57.690000+00:00,49.37,49.335,-7.089325501315898
2025-05-28 05:59:57.690000+00:00,49.3685,49.335,-6.78570343437547
2025-05-28 05:59:57.690000+00:00,49.3605,49.335,-5.166074087580346
2025-05-28 05:59:57.690000+00:00,49.3705,49.335,-7.1905287570510685
2025-05-28 05:59:57.691000+00:00,49.316,49.349999999999994,6.894314218507545
2025-05-28 05:59:57.691000+00:00,49.334999999999994,49.349999999999994,3.0404378230466342
2025-05-28 05:59:57.692000+00:00,49.2205,49.245000000000005,4.977600796416797
2025-05-28 05:59:57.692000+00:00,49.2205,49.245000000000005,4.977600796416797
2025-05-28 05:59:57.692000+00:00,49.313,49.245000000000005,-13.789467280432714
2025-05-28 05:59:57.692000+00:00,49.2345,49.245000000000005,2.1326508850516412
2025-05-28 05:59:57.692000+00:00,49.225,49.245000000000005,4.062976130015871
2025-05-28 05:59:57.692000+00:00,49.2395,49.245000000000005,1.1169894089105181
2025-05-28 05:59:57.692000+00:00,49.192499999999995,49.245000000000005,10.672358591250516
2025-05-28 05:59:57.692000+00:00,49.219,49.245000000000005,5.282512850729058
2025-05-28 05:59:57.692000+00:00,49.204,49.245000000000005,8.332655881636438
2025-05-28 05:59:57.692000+00:00,49.2945,49.245000000000005,-10.041688220794363
2025-05-28 05:59:57.693000+00:00,49.179,49.24,12.403668232375596
2025-05-28 05:59:57.693000+00:00,49.201499999999996,49.24,7.824964686037255
2025-05-28 05:59:57.697000+00:00,49.118,49.144999999999996,5.496966488862315
2025-05-28 06:01:25.992000+00:00,49.623000000000005,49.71,17.532192733207623
2025-05-28 06:01:25.993000+00:00,49.6815,49.7,3.7237200970186226
2025-05-28 06:01:25.994000+00:00,49.6685,49.695,5.335373526480291
2025-05-28 06:01:25.994000+00:00,49.673,49.695,4.428965433937646
2025-05-28 06:01:25.994000+00:00,49.6725,49.695,4.529669334138779
2025-05-28 06:01:25.997000+00:00,49.596000000000004,49.595,-0.20162916364319194
2025-05-28 06:04:54.124000+00:00,49.678,49.775000000000006,19.52574580297283
2025-05-28 06:04:54.125000+00:00,49.662,49.735,14.699367725826667
2025-05-28 06:04:54.126000+00:00,49.735,49.724999999999994,-2.010656479341533
2025-05-28 06:04:54.126000+00:00,49.7185,49.724999999999994,1.3073604392722045
2025-05-28 06:04:54.126000+00:00,49.7245,49.724999999999994,0.10055405283015054
2025-05-28 06:04:54.126000+00:00,49.735,49.724999999999994,-2.010656479341533
2025-05-28 06:04:54.127000+00:00,49.6525,49.7,9.56648708524232
2025-05-28 06:04:54.127000+00:00,49.651,49.7,9.868884816015687
2025-05-28 06:08:13.468000+00:00,49.552499999999995,49.565,2.522577064729901
2025-05-28 06:08:13.469000+00:00,49.528999999999996,49.585,11.306507298755172
2025-05-28 06:08:13.469000+00:00,49.5385,49.585,9.386638674970328
2025-05-28 06:08:13.469000+00:00,49.539,49.585,9.285613355134213
2025-05-28 06:31:02.539000+00:00,49.211,49.25,7.925057405864843
2025-05-28 06:43:00.228000+00:00,49.1975,49.260000000000005,12.703897555771556
2025-05-28 06:43:00.228000+00:00,49.2,49.260000000000005,12.195121951219974
2025-05-28 06:43:00.228000+00:00,49.213,49.260000000000005,9.550322069372756
2025-05-28 06:43:00.228000+00:00,49.199,49.260000000000005,12.398625988334528
2025-05-28 06:43:00.228000+00:00,49.2005,49.260000000000005,12.093373034828305
2025-05-28 06:45:12.066000+00:00,49.533,49.54,1.4131992812867982
2025-05-28 06:48:59.702000+00:00,49.2985,49.375,15.517713520695946
2025-05-28 07:13:26.024000+00:00,49.170500000000004,49.225,11.083881595671658
2025-05-28 07:13:26.024000+00:00,49.168499999999995,49.225,11.49109694214932
2025-05-28 07:13:26.025000+00:00,49.1555,49.225,14.138804406424082
2025-05-28 07:13:26.025000+00:00,49.153999999999996,49.225,14.444399235058198
2025-05-28 07:13:26.051000+00:00,49.0805,49.07,-2.1393425087357296
2025-05-28 07:13:26.051000+00:00,49.087,49.07,-3.4632387393817123
2025-05-28 07:13:26.051000+00:00,49.086,49.07,-3.2595852177806783
2025-05-28 07:13:26.051000+00:00,49.081999999999994,49.07,-2.444888146365949
2025-05-28 07:13:26.051000+00:00,49.083,49.07,-2.648574862986803
2025-05-28 07:13:26.051000+00:00,49.0835,49.07,-2.7504151089471027
2025-05-28 07:13:26.051000+00:00,49.0745,49.07,-0.9169731734404162
2025-05-28 07:13:26.051000+00:00,49.0715,49.07,-0.3056764109513785
2025-05-28 07:13:26.051000+00:00,49.074,49.07,-0.8150955699551256
2025-05-28 07:13:26.053000+00:00,49.0055,49.05,9.080613400536535
2025-05-28 07:13:26.053000+00:00,49.0,49.05,10.20408163265248
2025-05-28 07:13:26.053000+00:00,48.9975,49.05,10.71483238940658
2025-05-28 07:13:26.053000+00:00,48.9955,49.05,11.12347052280257
2025-05-28 07:13:26.053000+00:00,48.9955,49.05,11.12347052280257
2025-05-28 07:13:26.053000+00:00,48.999,49.05,10.408375681135293
2025-05-28 07:13:26.054000+00:00,48.9315,49.045,23.195691936687396
2025-05-28 07:13:26.054000+00:00,48.929,49.045,23.707821537329533
2025-05-28 07:13:26.054000+00:00,48.928,49.045,23.912688031393976
2025-05-28 07:13:26.054000+00:00,48.92700000000001,49.045,24.11756289982933
2025-05-28 07:13:26.054000+00:00,48.92700000000001,49.045,24.11756289982933
2025-05-28 07:13:26.054000+00:00,49.063,49.045,-3.6687524203576385
2025-05-28 07:13:26.054000+00:00,49.0585,49.045,-2.7518167086234824
2025-05-28 07:13:26.054000+00:00,49.037,49.045,1.6314211717688014
2025-05-28 07:13:26.054000+00:00,48.923,49.045,24.937146127588225
2025-05-28 07:13:26.054000+00:00,49.0475,49.045,-0.5097099750237476
2025-05-28 07:13:26.054000+00:00,49.033500000000004,49.045,2.345335331966526
2025-05-28 07:13:26.054000+00:00,48.92700000000001,49.045,24.11756289982933
2025-05-28 07:13:26.055000+00:00,49.042500000000004,49.01,-6.626905235256352
2025-05-28 07:13:26.055000+00:00,49.0555,49.01,-9.275208692196408
2025-05-28 07:13:26.055000+00:00,49.063,49.01,-10.80243768216464
2025-05-28 07:13:26.055000+00:00,49.061,49.01,-10.395222274311964
2025-05-28 07:13:26.055000+00:00,49.0535,49.01,-8.867868755542755
2025-05-28 07:13:26.055000+00:00,49.05,49.01,-8.154943934760276
2025-05-28 07:13:26.055000+00:00,49.035,49.01,-5.098399102681468
2025-05-28 07:13:26.055000+00:00,49.051,49.01,-8.358647122383626
2025-05-28 07:13:26.055000+00:00,48.971000000000004,49.01,7.963897000264313
2025-05-28 07:13:26.055000+00:00,49.0185,49.01,-1.7340391892867097
2025-05-28 07:13:26.055000+00:00,48.8665,49.01,29.365720892635235
2025-05-28 07:13:26.055000+00:00,48.8685,49.01,28.9552574766978
2025-05-28 07:13:26.055000+00:00,48.8535,49.01,32.03455228386937
2025-05-28 07:13:26.055000+00:00,49.0265,49.01,-3.365526806931073
2025-05-28 07:13:26.055000+00:00,49.048500000000004,49.01,-7.849373579213674
2025-05-28 07:13:26.056000+00:00,48.894999999999996,48.985,18.406790060334068
2025-05-28 07:13:26.056000+00:00,48.8635,48.985,24.86518567028508
2025-05-28 07:13:26.056000+00:00,48.8515,48.985,27.327717674994204
2025-05-28 07:13:26.057000+00:00,48.917500000000004,48.935,3.577451832166054
2025-05-28 07:13:26.061000+00:00,48.85,48.95,20.47082906857757
2025-05-28 07:13:26.062000+00:00,48.917500000000004,48.95,6.643839116880229
2025-05-28 07:13:26.063000+00:00,48.8665,48.955,18.11056654354133
2025-05-28 07:13:26.063000+00:00,48.8405,48.955,23.443658439205088
2025-05-28 07:13:26.063000+00:00,48.841,48.955,23.34104543313962
2025-05-28 07:13:26.063000+00:00,48.843,48.955,22.930614417622742
2025-05-28 07:13:26.063000+00:00,48.8435,48.955,22.828011915607906
2025-05-28 07:13:26.063000+00:00,48.845,48.955,22.52021701300019
2025-05-28 07:13:26.063000+00:00,48.8465,48.955,22.21244101419741
2025-05-28 07:13:26.063000+00:00,48.849000000000004,48.955,21.699523019917404
2025-05-28 07:13:26.063000+00:00,48.8495,48.955,21.596945721041003
2025-05-28 07:13:26.063000+00:00,48.85,48.955,21.4943705220055
2025-05-28 07:13:26.064000+00:00,48.8405,48.955,23.443658439205088
2025-05-28 07:13:26.064000+00:00,48.84,48.955,23.546273546272495
2025-05-28 07:13:26.068000+00:00,48.852000000000004,48.86,1.6375992794554093
2025-05-28 07:13:26.068000+00:00,48.835,48.86,5.119279205487576
2025-05-28 07:13:26.068000+00:00,48.8505,48.86,1.9447088566141042
2025-05-28 07:13:26.068000+00:00,48.8505,48.86,1.9447088566141042
2025-05-28 07:13:26.068000+00:00,48.837999999999994,48.86,4.504688971703504
2025-05-28 07:13:26.068000+00:00,48.829499999999996,48.86,6.246224106329888
2025-05-28 07:13:26.068000+00:00,48.855999999999995,48.86,0.8187326019332095
2025-05-28 07:13:26.068000+00:00,48.824,48.86,7.373422906767444
2025-05-28 07:13:26.068000+00:00,48.823499999999996,48.86,7.475908118017708
2025-05-28 07:13:26.069000+00:00,48.8625,48.855000000000004,-1.5349194167292257
2025-05-28 07:13:26.072000+00:00,48.804500000000004,48.80500000000001,0.10244956920005069
2025-05-28 07:13:26.072000+00:00,48.786,48.80500000000001,3.894559914730754
2025-05-28 07:13:26.072000+00:00,48.801500000000004,48.80500000000001,0.717191069947133
2025-05-28 07:13:26.072000+00:00,48.786500000000004,48.80500000000001,3.7920326319787376
2025-05-28 07:13:26.072000+00:00,48.786,48.80500000000001,3.894559914730754
2025-05-28 07:13:26.072000+00:00,48.809,48.80500000000001,-0.819520989979446
2025-05-28 07:13:26.072000+00:00,48.789,48.80500000000001,3.27942773986049
2025-05-28 07:13:26.073000+00:00,48.831,48.8,-6.34842620466628
2025-05-28 07:13:26.074000+00:00,48.851,48.8,-10.439909111379897
2025-05-28 07:13:26.074000+00:00,48.845,48.8,-9.212816050773203
2025-05-28 07:13:26.075000+00:00,48.833,48.81,-4.709929760611909
2025-05-28 07:13:26.076000+00:00,48.771,48.815,9.021754731294607
2025-05-28 07:13:26.076000+00:00,48.73350000000001,48.815,16.723609016383232
2025-05-28 07:13:26.076000+00:00,48.74250000000001,48.815,14.874083192284125
2025-05-28 07:13:26.076000+00:00,48.753,48.815,12.717166123109884
2025-05-28 07:13:26.076000+00:00,48.74250000000001,48.815,14.874083192284125
2025-05-28 07:13:26.076000+00:00,48.73350000000001,48.815,16.723609016383232
2025-05-28 07:13:26.076000+00:00,48.754000000000005,48.815,12.511793904088451
2025-05-28 07:13:26.095000+00:00,48.783,48.894999999999996,22.958817620891452
2025-05-28 07:13:26.095000+00:00,48.7775,48.894999999999996,24.08897544974478
2025-05-28 07:13:26.095000+00:00,48.775000000000006,48.894999999999996,24.602767811376797
2025-05-28 07:13:26.095000+00:00,48.7735,48.894999999999996,24.911068510563624
2025-05-28 07:13:26.096000+00:00,48.743,48.894999999999996,31.18396487700673
2025-05-28 07:13:26.096000+00:00,48.73650000000001,48.894999999999996,32.521826557095686
2025-05-28 07:13:26.096000+00:00,48.762,48.894999999999996,27.27533735285582
2025-05-28 07:13:26.096000+00:00,48.839,48.894999999999996,11.466246237637417
2025-05-28 07:13:26.096000+00:00,48.8475,48.894999999999996,9.72414146066829
2025-05-28 07:13:26.096000+00:00,48.8425,48.894999999999996,10.748835542815147
2025-05-28 07:13:26.096000+00:00,48.8495,48.894999999999996,9.314322562154574
2025-05-28 07:13:26.096000+00:00,48.8585,48.894999999999996,7.470552718564149
2025-05-28 07:13:26.097000+00:00,48.7425,48.9,32.31266348669003
2025-05-28 07:13:26.097000+00:00,48.7445,48.9,31.901034988562078
2025-05-28 07:13:26.097000+00:00,48.716,48.9,37.76993184990506
2025-05-28 07:13:26.097000+00:00,48.6605,48.9,49.218565366159325
2025-05-28 07:13:26.097000+00:00,48.7175,48.9,37.46087135013033
2025-05-28 07:13:26.097000+00:00,48.71,48.9,39.006364196263135
2025-05-28 07:13:26.097000+00:00,48.6655,48.9,48.18608665276162
2025-05-28 07:13:26.098000+00:00,48.81,48.92,22.536365498873064
2025-05-28 07:13:26.098000+00:00,48.8185,48.92,20.791298380737114
2025-05-28 07:13:26.098000+00:00,48.8365,48.92,17.097867373788212
2025-05-28 07:13:26.098000+00:00,48.845,48.92,15.354693417955337
2025-05-28 07:13:26.098000+00:00,48.8475,48.92,14.842110650494933
2025-05-28 07:13:26.098000+00:00,48.79,48.92,26.64480426316921
2025-05-28 07:13:26.098000+00:00,48.783,48.92,28.0835536969847
2025-05-28 07:13:26.098000+00:00,48.7735,48.92,30.036802771997742
2025-05-28 07:13:26.098000+00:00,48.71,48.92,43.11229726955468
2025-05-28 07:13:26.099000+00:00,48.81,48.894999999999996,17.414464249127995
2025-05-28 07:13:26.099000+00:00,48.802499999999995,48.894999999999996,18.953947031402315
2025-05-28 07:13:26.120000+00:00,48.72,48.765,9.236453201970793
2025-05-28 07:13:26.120000+00:00,48.7195,48.765,9.339176305176387
2025-05-28 07:13:26.120000+00:00,48.72,48.765,9.236453201970793
2025-05-28 07:13:26.120000+00:00,48.7205,48.765,9.133732207181641
2025-05-28 07:13:26.159000+00:00,48.682,48.66,-4.5191241115824266
2025-05-28 07:13:26.159000+00:00,48.680499999999995,48.66,-4.211131767339779
2025-05-28 07:13:26.171000+00:00,48.581,48.614999999999995,6.998620860005313
2025-05-28 07:13:26.171000+00:00,48.585499999999996,48.614999999999995,6.071770384167859
2025-05-28 07:13:27.638000+00:00,48.515,48.485,-6.183654539833276
2025-05-28 07:13:27.638000+00:00,48.5105,48.485,-5.256593933272377
2025-05-28 07:13:27.638000+00:00,48.513000000000005,48.485,-5.771648836395563
2025-05-28 07:13:27.638000+00:00,48.5105,48.485,-5.256593933272377
2025-05-28 07:13:27.638000+00:00,48.514,48.485,-5.977655934370175
2025-05-28 07:13:27.638000+00:00,48.511,48.485,-5.35960916080958
2025-05-28 07:13:29.013000+00:00,48.6345,48.69,11.411652222186925
2025-05-28 07:13:29.013000+00:00,48.632999999999996,48.69,11.720436740485301
2025-05-28 07:13:29.013000+00:00,48.634,48.69,11.514578278570008
2025-05-28 07:13:29.013000+00:00,48.637,48.69,10.897053683409188
2025-05-28 07:13:29.014000+00:00,48.549,48.69,29.042822715194596
2025-05-28 07:13:29.014000+00:00,48.561,48.69,26.564527089639377
2025-05-28 07:13:29.014000+00:00,48.5625,48.69,26.254826254825787
2025-05-28 07:13:29.014000+00:00,48.5995,48.69,18.621590757106286
2025-05-28 07:13:29.014000+00:00,48.6,48.69,18.51851851851776
2025-05-28 07:13:29.015000+00:00,48.543,48.645,21.012298374637716
2025-05-28 07:13:29.015000+00:00,48.542500000000004,48.645,21.115517330174413
2025-05-28 07:13:29.015000+00:00,48.547,48.645,20.186623272294085
2025-05-28 07:13:29.015000+00:00,48.542500000000004,48.645,21.115517330174413
2025-05-28 07:13:29.015000+00:00,48.5375,48.645,22.147823847540913
2025-05-28 07:13:29.015000+00:00,48.528,48.645,24.109792284867385
2025-05-28 07:13:29.015000+00:00,48.534499999999994,48.645,22.767309851756778
2025-05-28 07:13:29.015000+00:00,48.538,48.645,22.044583625202197
2025-05-28 07:13:29.015000+00:00,48.5375,48.645,22.147823847540913
2025-05-28 07:13:29.015000+00:00,48.5325,48.645,23.1803430690783
2025-05-28 07:13:29.015000+00:00,48.5315,48.645,23.386872443671002
2025-05-28 07:13:29.015000+00:00,48.5255,48.645,24.62622744742499
2025-05-28 07:13:29.015000+00:00,48.5325,48.645,23.1803430690783
2025-05-28 07:13:29.016000+00:00,48.4975,48.585,18.042167122016306
2025-05-28 07:13:29.017000+00:00,48.4855,48.57,17.427890812716885
2025-05-28 07:13:29.017000+00:00,48.7075,48.57,-28.229738746600184
2025-05-28 07:13:29.017000+00:00,48.482,48.57,18.15106637514974
2025-05-28 07:13:29.017000+00:00,48.653999999999996,48.57,-17.264767542236214
2025-05-28 07:13:29.017000+00:00,48.6555,48.57,-17.572525202701282
2025-05-28 07:13:29.017000+00:00,48.7085,48.57,-28.434462157529076
2025-05-28 07:13:29.017000+00:00,48.4825,48.57,18.047749187850993
2025-05-28 07:13:29.017000+00:00,48.4815,48.57,18.254385693512653
2025-05-28 07:13:29.017000+00:00,48.405,48.57,34.087387666563195
2025-05-28 07:13:29.018000+00:00,48.671499999999995,48.629999999999995,-8.52655044533232
2025-05-28 07:13:29.018000+00:00,48.674499999999995,48.629999999999995,-9.142364071536292
2025-05-28 07:13:29.018000+00:00,48.675,48.629999999999995,-9.244992295840104
2025-05-28 07:13:29.018000+00:00,48.674499999999995,48.629999999999995,-9.142364071536292
2025-05-28 07:13:29.018000+00:00,48.6055,48.629999999999995,5.040581827158694
2025-05-28 07:13:29.018000+00:00,48.6065,48.629999999999995,4.834744324318461
2025-05-28 07:13:29.018000+00:00,48.6215,48.629999999999995,1.7481978137239604
2025-05-28 07:13:29.018000+00:00,48.673500000000004,48.629999999999995,-8.937101297422366
2025-05-28 07:13:29.018000+00:00,48.4645,48.629999999999995,34.14870678537784
2025-05-28 07:13:29.018000+00:00,48.676,48.629999999999995,-9.45024241926339
2025-05-28 07:13:29.020000+00:00,48.591499999999996,48.519999999999996,-14.714507681384676
2025-05-28 07:13:29.020000+00:00,48.592,48.519999999999996,-14.817253868950184
2025-05-28 07:13:29.020000+00:00,48.5975,48.519999999999996,-15.947322393127337
2025-05-28 07:13:29.020000+00:00,48.62,48.519999999999996,-20.56766762649145
2025-05-28 07:13:29.020000+00:00,48.5835,48.519999999999996,-13.070281062501625
2025-05-28 07:13:29.020000+00:00,48.6215,48.519999999999996,-20.87553859917968
2025-05-28 07:13:29.020000+00:00,48.622,48.519999999999996,-20.978158035457994
2025-05-28 07:13:29.020000+00:00,48.6245,48.519999999999996,-21.491223560139765
2025-05-28 07:13:29.020000+00:00,48.626,48.519999999999996,-21.79903755192729
2025-05-28 07:13:29.020000+00:00,48.6265,48.519999999999996,-21.90163799574389
2025-05-28 07:13:29.020000+00:00,48.6165,48.519999999999996,-19.84922814270999
2025-05-28 07:13:29.020000+00:00,48.582499999999996,48.519999999999996,-12.86471466062883
2025-05-28 07:13:29.020000+00:00,48.599000000000004,48.519999999999996,-16.255478507789814
2025-05-28 07:13:29.020000+00:00,48.552499999999995,48.519999999999996,-6.6937850780081085
2025-05-28 07:13:29.020000+00:00,48.577,48.519999999999996,-11.73394816476978
2025-05-28 07:13:29.020000+00:00,48.572,48.519999999999996,-10.70575640286723
2025-05-28 07:13:29.020000+00:00,48.528,48.519999999999996,-1.648532805803386
2025-05-28 07:13:29.020000+00:00,48.5715,48.519999999999996,-10.602925583933853
2025-05-28 07:13:29.020000+00:00,48.528,48.519999999999996,-1.648532805803386
2025-05-28 07:13:29.020000+00:00,48.6155,48.519999999999996,-19.64394071849539
2025-05-28 07:13:29.020000+00:00,48.552,48.519999999999996,-6.590871642775495
2025-05-28 07:13:29.020000+00:00,48.561499999999995,48.519999999999996,-8.545864522306601
2025-05-28 07:13:29.020000+00:00,48.552,48.519999999999996,-6.590871642775495
2025-05-28 07:13:29.020000+00:00,48.552499999999995,48.519999999999996,-6.6937850780081085
2025-05-28 07:13:29.020000+00:00,48.5965,48.519999999999996,-15.741874414824709
2025-05-28 07:13:29.020000+00:00,48.552499999999995,48.519999999999996,-6.6937850780081085
2025-05-28 07:13:29.020000+00:00,48.602000000000004,48.519999999999996,-16.871733673512992
2025-05-28 07:13:29.020000+00:00,48.6115,48.519999999999996,-18.82270656120537
2025-05-28 07:13:29.021000+00:00,48.528,48.480000000000004,-9.891196834815924
2025-05-28 07:13:29.021000+00:00,48.528,48.480000000000004,-9.891196834815924
2025-05-28 07:13:29.021000+00:00,48.516999999999996,48.480000000000004,-7.626192880844226
2025-05-28 07:13:29.021000+00:00,48.516999999999996,48.480000000000004,-7.626192880844226
2025-05-28 07:13:29.021000+00:00,48.5135,48.480000000000004,-6.905294402588256
2025-05-28 07:13:29.021000+00:00,48.5175,48.480000000000004,-7.729169887152949
2025-05-28 07:13:29.021000+00:00,48.5155,48.480000000000004,-7.317249126567587
2025-05-28 07:13:29.021000+00:00,48.533500000000004,48.480000000000004,-11.023313793565197
2025-05-28 07:13:29.021000+00:00,48.424,48.480000000000004,11.564513464398745
2025-05-28 07:13:29.021000+00:00,48.444,48.480000000000004,7.431260837255669
2025-05-28 07:13:29.021000+00:00,48.534,48.480000000000004,-11.126220793669374
2025-05-28 07:13:29.021000+00:00,48.5155,48.480000000000004,-7.317249126567587
2025-05-28 07:13:29.021000+00:00,48.549499999999995,48.480000000000004,-14.315286460208817
2025-05-28 07:13:29.021000+00:00,48.5445,48.480000000000004,-13.28677811080459
2025-05-28 07:13:29.021000+00:00,48.533,48.480000000000004,-10.920404673108457
2025-05-28 07:13:29.021000+00:00,48.5135,48.480000000000004,-6.905294402588256
2025-05-28 07:13:29.022000+00:00,48.409499999999994,48.485,15.596112333324088
2025-05-28 07:13:29.022000+00:00,48.382999999999996,48.485,21.08178492445774
2025-05-28 07:13:29.022000+00:00,48.313,48.485,35.60118394634923
2025-05-28 07:13:29.022000+00:00,48.3905,48.485,19.528626486603045
2025-05-28 07:13:29.022000+00:00,48.4165,48.485,14.148069356521068
2025-05-28 07:13:29.022000+00:00,48.3985,48.485,17.872454724836704
2025-05-28 07:13:29.022000+00:00,48.3945,48.485,18.700472161092414
2025-05-28 07:13:29.022000+00:00,48.393,48.485,19.011013989626342
2025-05-28 07:13:29.022000+00:00,48.393,48.485,19.011013989626342
2025-05-28 07:13:29.022000+00:00,48.437,48.485,9.909779713855487
2025-05-28 07:13:29.022000+00:00,48.435,48.485,10.323113451016239
2025-05-28 07:13:29.022000+00:00,48.437,48.485,9.909779713855487
2025-05-28 07:13:29.022000+00:00,48.412499999999994,48.485,14.975471210948646
2025-05-28 07:13:29.022000+00:00,48.4635,48.485,4.436328370834974
2025-05-28 07:13:29.023000+00:00,48.422,48.435,2.6847300813690533
2025-05-28 07:13:29.023000+00:00,48.3885,48.435,9.60972131808214
2025-05-28 07:13:29.023000+00:00,48.4045,48.435,6.301067049551906
2025-05-28 07:13:29.023000+00:00,48.422,48.435,2.6847300813690533
2025-05-28 07:13:29.023000+00:00,48.358000000000004,48.435,15.922908308862686
2025-05-28 07:13:29.023000+00:00,48.343,48.435,19.030676623295772
2025-05-28 07:13:29.023000+00:00,48.328,48.435,22.140374110246505
2025-05-28 07:13:29.024000+00:00,48.4545,48.375,-16.40714484722843
2025-05-28 07:13:29.024000+00:00,48.3935,48.375,-3.822827445835302
2025-05-28 07:13:29.025000+00:00,48.453,48.375,-16.09807442263698
2025-05-28 07:13:29.025000+00:00,48.4545,48.375,-16.40714484722843
2025-05-28 07:13:29.025000+00:00,48.435500000000005,48.375,-12.490838331390128
2025-05-28 07:13:29.025000+00:00,48.435500000000005,48.375,-12.490838331390128
2025-05-28 07:13:29.025000+00:00,48.441500000000005,48.375,-13.727898599342481
2025-05-28 07:13:29.025000+00:00,48.4275,48.375,-10.840947808580246
2025-05-28 07:13:29.025000+00:00,48.429500000000004,48.375,-11.253471541107059
2025-05-28 07:13:29.025000+00:00,48.413,48.375,-7.849131431639582
2025-05-28 07:13:29.025000+00:00,48.4065,48.375,-6.507390536395152
2025-05-28 07:13:29.036000+00:00,48.463499999999996,48.445,-3.8173058074625166
2025-05-28 07:13:29.036000+00:00,48.462500000000006,48.445,-3.6110394635038223
2025-05-28 07:13:29.036000+00:00,48.4695,48.445,-5.054725136425214
2025-05-28 07:16:36.821000+00:00,48.992,49.045,10.818092749837602
2025-05-28 07:16:36.821000+00:00,48.9865,49.045,11.942065671154749
2025-05-28 07:16:36.821000+00:00,48.991,49.045,11.022432691719306
2025-05-28 07:16:36.822000+00:00,49.032,49.07,7.750040789689145
2025-05-28 07:16:36.822000+00:00,49.036500000000004,49.07,6.831645814851494
2025-05-28 07:17:34.124000+00:00,49.052499999999995,49.045,-1.5289740584054186
2025-05-28 07:17:34.133000+00:00,49.1385,49.1,-7.834996998280186
2025-05-28 07:17:34.133000+00:00,49.137,49.1,-7.529967234466702
2025-05-28 07:17:34.133000+00:00,49.1505,49.1,-10.274564856918962
2025-05-28 07:17:34.133000+00:00,49.141,49.1,-8.343338556398287
2025-05-28 07:17:34.133000+00:00,49.1505,49.1,-10.274564856918962
2025-05-28 07:17:34.133000+00:00,49.137,49.1,-7.529967234466702
2025-05-28 07:17:34.133000+00:00,49.1505,49.1,-10.274564856918962
2025-05-28 07:17:34.134000+00:00,49.1125,49.129999999999995,3.5632476457110296
2025-05-28 07:17:34.136000+00:00,49.1605,49.14,-4.1700145441967456
2025-05-28 07:17:34.136000+00:00,49.158500000000004,49.14,-3.763336961055172
2025-05-28 07:17:34.136000+00:00,49.1525,49.14,-2.5431056406088888
2025-05-28 07:17:34.136000+00:00,49.1605,49.14,-4.1700145441967456
2025-05-28 07:17:34.136000+00:00,49.1655,49.14,-5.186563748970511
2025-05-28 07:17:34.136000+00:00,49.1475,49.14,-1.5260186174271906
2025-05-28 07:17:34.136000+00:00,49.1425,49.14,-0.5087246273587478
2025-05-28 07:17:34.138000+00:00,49.1655,49.19,4.9831690921471745
2025-05-28 07:17:34.138000+00:00,49.164,49.19,5.288422422910309
2025-05-28 07:17:34.149000+00:00,49.248,49.21,-7.71604938271538
2025-05-28 07:17:34.152000+00:00,49.2615,49.245000000000005,-3.349471696962845
2025-05-28 07:17:34.155000+00:00,49.260999999999996,49.28,3.8570065569122547
2025-05-28 07:17:34.155000+00:00,49.257999999999996,49.28,4.466279589103409
2025-05-28 07:17:34.155000+00:00,49.2685,49.28,2.334148593928792
2025-05-28 07:17:34.155000+00:00,49.269999999999996,49.28,2.029632636493833
2025-05-28 07:17:34.155000+00:00,49.266999999999996,49.28,2.638683094161453
2025-05-28 07:17:34.155000+00:00,49.2685,49.28,2.334148593928792
2025-05-28 07:17:34.155000+00:00,49.2715,49.28,1.7251352201572823
2025-05-28 07:17:34.157000+00:00,49.2765,49.28,0.7102777185884754
2025-05-28 07:17:34.157000+00:00,49.285,49.28,-1.0145074566288836
2025-05-28 07:17:34.157000+00:00,49.275,49.28,1.014713343480986
2025-05-28 07:17:34.157000+00:00,49.288,49.28,-1.6231131309843303
2025-05-28 07:17:34.157000+00:00,49.289500000000004,49.28,-1.9273881861253872
2025-05-28 07:17:34.157000+00:00,49.293000000000006,49.28,-2.6372912989684596
2025-05-28 07:17:34.157000+00:00,49.2935,49.28,-2.7386977999128708
2025-05-28 07:17:34.157000+00:00,49.286,49.28,-1.2173842470478893
2025-05-28 07:17:34.158000+00:00,49.3215,49.275000000000006,-9.427937106534605
2025-05-28 07:17:34.158000+00:00,49.3305,49.275000000000006,-11.25064615197393
2025-05-28 07:17:34.158000+00:00,49.325500000000005,49.275000000000006,-10.238112132669622
2025-05-28 07:17:34.158000+00:00,49.329,49.275000000000006,-10.946907498630612
2025-05-28 07:17:34.158000+00:00,49.3335,49.275000000000006,-11.858068047066418
2025-05-28 07:17:34.158000+00:00,49.335,49.275000000000006,-12.161751292185095
2025-05-28 07:17:34.158000+00:00,49.326499999999996,49.275000000000006,-10.440635358273973
2025-05-28 07:17:34.158000+00:00,49.3235,49.275000000000006,-9.83304104534291
2025-05-28 07:17:34.159000+00:00,49.254000000000005,49.275000000000006,4.263613107565029
2025-05-28 07:17:34.159000+00:00,49.254999999999995,49.275000000000006,4.060501471933861
2025-05-28 07:17:34.159000+00:00,49.2735,49.275000000000006,0.30442327011622117
2025-05-28 07:17:34.159000+00:00,49.277,49.275000000000006,-0.4058688637691699
2025-05-28 07:17:34.160000+00:00,49.33,49.32,-2.027163997567
2025-05-28 07:17:34.160000+00:00,49.332,49.32,-2.4324981756264603
2025-05-28 07:17:34.160000+00:00,49.335,49.32,-3.040437823046634
2025-05-28 07:17:34.162000+00:00,49.3475,49.32,-5.572724048836579
2025-05-28 07:17:34.162000+00:00,49.348,49.32,-5.673988814136074
2025-05-28 07:17:34.162000+00:00,49.3505,49.32,-6.180281861378592
2025-05-28 07:17:34.162000+00:00,49.405,49.32,-17.204736362716496
2025-05-28 07:17:34.162000+00:00,49.4055,49.32,-17.305765552418908
2025-05-28 07:17:34.162000+00:00,49.349000000000004,49.32,-5.876512188697535
2025-05-28 07:17:34.163000+00:00,49.4025,49.32,-16.699559738880243
2025-05-28 07:17:34.171000+00:00,49.3545,49.36,1.1143867327189698
2025-05-28 07:17:34.173000+00:00,49.39,49.36,-6.074104069649956
2025-05-28 07:17:34.176000+00:00,49.432,49.355000000000004,-15.576954199708322
2025-05-28 07:17:34.177000+00:00,49.427,49.385,-8.497379974508183
2025-05-28 07:17:34.186000+00:00,49.3955,49.36,-7.186889493982038
2025-05-28 07:18:06.817000+00:00,49.3575,49.355000000000004,-0.5065086359717826
2025-05-28 07:18:06.817000+00:00,49.358000000000004,49.355000000000004,-0.6078042060051285
2025-05-28 07:18:06.818000+00:00,49.441,49.345,-19.41708298780438
2025-05-28 07:18:06.818000+00:00,49.4405,49.345,-19.316147692681355
2025-05-28 07:18:06.819000+00:00,49.393,49.345,-9.71797623145017
2025-05-28 07:18:06.819000+00:00,49.394499999999994,49.345,-10.021358653290301
2025-05-28 07:18:06.819000+00:00,49.405,49.345,-12.144519785447278
2025-05-28 07:18:06.819000+00:00,49.3955,49.345,-10.223603364678878
2025-05-28 07:18:06.819000+00:00,49.403999999999996,49.345,-11.942352845922901
2025-05-28 07:18:06.819000+00:00,49.403,49.345,-11.740177722000654
2025-05-28 07:18:06.819000+00:00,49.403,49.345,-11.740177722000654
2025-05-28 07:18:06.819000+00:00,49.403999999999996,49.345,-11.942352845922901
2025-05-28 07:18:06.819000+00:00,49.4,49.345,-11.133603238866339
2025-05-28 07:18:06.819000+00:00,49.39,49.345,-9.111156104474935
2025-05-28 07:18:06.819000+00:00,49.3675,49.345,-4.557654327239754
2025-05-28 07:18:06.819000+00:00,49.2735,49.345,14.510842542137324
2025-05-28 07:18:06.819000+00:00,49.2795,49.345,13.291530961150197
2025-05-28 07:18:06.819000+00:00,49.28,49.345,13.189935064934604
2025-05-28 07:18:06.819000+00:00,49.2905,49.345,11.056897373732733
2025-05-28 07:18:06.819000+00:00,49.2945,49.345,10.24455060909423
2025-05-28 07:18:06.819000+00:00,49.318,49.345,5.474674561012415
2025-05-28 07:18:06.819000+00:00,49.319,49.345,5.271801942455494
2025-05-28 07:18:06.819000+00:00,49.2725,49.345,14.714090009639861
2025-05-28 07:18:06.819000+00:00,49.3995,49.345,-11.032500328951595
2025-05-28 07:18:06.819000+00:00,49.372,49.345,-5.4686867050151955
2025-05-28 07:18:06.819000+00:00,49.397,49.345,-10.526955078243537
2025-05-28 07:18:06.819000+00:00,49.3675,49.345,-4.557654327239754
2025-05-28 07:18:06.819000+00:00,49.384,49.345,-7.89729467033887
2025-05-28 07:18:06.819000+00:00,49.3465,49.345,-0.30397292614472293
2025-05-28 07:18:06.819000+00:00,49.4045,49.345,-12.043437338703942
2025-05-28 07:18:06.819000+00:00,49.346999999999994,49.345,-0.40529312825406594
2025-05-28 07:18:06.819000+00:00,49.3465,49.345,-0.30397292614472293
2025-05-28 07:18:06.820000+00:00,49.272000000000006,49.254999999999995,-3.450235427831246
2025-05-28 07:18:06.820000+00:00,49.271,49.254999999999995,-3.247346309189045
2025-05-28 07:18:06.820000+00:00,49.284,49.254999999999995,-5.8842626410201015
2025-05-28 07:18:06.822000+00:00,49.2205,49.260000000000005,8.025111488100256
2025-05-28 07:20:37.273000+00:00,49.004,49.025000000000006,4.285364460045691
2025-05-28 07:20:37.273000+00:00,49.0095,49.025000000000006,3.162652138871638
2025-05-28 07:20:37.273000+00:00,49.004999999999995,49.025000000000006,4.0812162024304115
2025-05-28 07:24:25.604000+00:00,48.7725,48.795,4.613255420575294
2025-05-28 07:24:25.604000+00:00,48.783500000000004,48.795,2.3573544333633434
2025-05-28 07:24:25.604000+00:00,48.7825,48.795,2.5623943012356567
2025-05-28 07:24:25.604000+00:00,48.78,48.795,3.0750307503076195
2025-05-28 07:24:25.604000+00:00,48.769999999999996,48.795,5.126102111955236
2025-05-28 07:24:25.604000+00:00,48.7575,48.795,7.691124442393769
2025-05-28 07:24:25.604000+00:00,48.7655,48.795,6.049358665449702
2025-05-28 07:24:25.604000+00:00,48.7635,48.795,6.459749607801162
2025-05-28 07:24:25.604000+00:00,48.7625,48.795,6.664957703152805
2025-05-28 07:24:25.604000+00:00,48.7595,48.795,7.280632492129528
2025-05-28 07:24:25.604000+00:00,48.7585,48.795,7.485874257822483
2025-05-28 07:24:25.604000+00:00,48.754999999999995,48.795,8.204286739822841
2025-05-28 07:24:25.604000+00:00,48.766999999999996,48.795,5.741587548958476
2025-05-28 07:26:27.487000+00:00,48.7025,48.705,0.5133206714229713
2025-05-28 07:26:27.487000+00:00,48.7055,48.705,-0.10265781072001877
2025-05-28 07:28:53.242000+00:00,48.807500000000005,48.81,0.5122163601900785
2025-05-28 07:28:53.242000+00:00,48.813500000000005,48.81,-0.7170147602615057
2025-05-28 07:28:53.242000+00:00,48.809,48.81,0.20488024749631725
2025-05-28 07:28:53.244000+00:00,48.8535,48.825,-5.833768307284837
2025-05-28 07:28:53.244000+00:00,48.8515,48.825,-5.424603133987418
2025-05-28 07:28:53.244000+00:00,48.852000000000004,48.825,-5.526897568165279
2025-05-28 07:28:53.244000+00:00,48.852000000000004,48.825,-5.526897568165279
2025-05-28 07:28:53.245000+00:00,48.86,48.86,0.0
2025-05-28 07:28:53.245000+00:00,48.86,48.86,0.0
2025-05-28 07:28:53.245000+00:00,48.864999999999995,48.86,-1.0232272587732432
2025-05-28 07:28:53.245000+00:00,48.8615,48.86,-0.3069901660816915
2025-05-28 07:40:07.976000+00:00,49.439499999999995,49.445,1.1124707976425623
2025-05-28 07:44:41.220000+00:00,49.1005,49.010000000000005,-18.431584199751853
2025-05-28 07:46:22.663000+00:00,49.2775,49.28,0.5073309319664605
2025-05-28 07:46:22.663000+00:00,49.2775,49.28,0.5073309319664605
2025-05-28 07:47:35.307000+00:00,49.3525,49.355000000000004,0.5065599513712237
2025-05-28 07:48:12.501000+00:00,49.457,49.46,0.6065875406919372
2025-05-28 07:49:44.158000+00:00,49.533,49.545,2.4226273393496163
2025-05-28 07:49:44.158000+00:00,49.540499999999994,49.545,0.9083477155069642
2025-05-28 07:49:44.158000+00:00,49.541,49.545,0.8074120425516014
2025-05-28 07:49:44.158000+00:00,49.547,49.545,-0.40365713362975336
2025-05-28 07:49:44.158000+00:00,49.5325,49.545,2.5235956190385793
2025-05-28 07:49:44.158000+00:00,49.547,49.545,-0.40365713362975336
2025-05-28 07:49:44.158000+00:00,49.5245,49.545,4.13936536461719
2025-05-28 08:12:59.563000+00:00,48.9905,49.015,5.000969575734744
2025-05-28 08:12:59.563000+00:00,48.992999999999995,49.015,4.490437409426974
2025-05-28 08:30:36.283000+00:00,48.8695,48.885,3.171712417764833
2025-05-28 08:30:36.283000+00:00,48.883,48.885,0.4091401918857964
2025-05-28 08:30:36.283000+00:00,48.870000000000005,48.885,3.06936771025035
2025-05-28 08:30:36.283000+00:00,48.876000000000005,48.885,1.8413945494707493
2025-05-28 08:30:36.283000+00:00,48.8765,48.885,1.739077061573139
2025-05-28 08:33:43.973000+00:00,48.843,48.894999999999996,10.646356693895234
2025-05-28 08:33:43.973000+00:00,48.841,48.894999999999996,11.056284678854842
2025-05-28 08:33:43.973000+00:00,48.8405,48.894999999999996,11.158771920843835
2025-05-28 08:33:43.974000+00:00,48.906000000000006,48.905,-0.20447388868539132
2025-05-28 08:33:43.974000+00:00,48.9015,48.905,0.7157244665301681
2025-05-28 08:33:43.974000+00:00,48.8995,48.905,1.1247558768490147
2025-05-28 08:33:43.974000+00:00,48.8995,48.905,1.1247558768490147
2025-05-28 08:33:43.974000+00:00,48.92100000000001,48.905,-3.270579096912439
2025-05-28 08:33:43.974000+00:00,48.9245,48.905,-3.985733119398408
2025-05-28 08:38:48.370000+00:00,48.8585,48.765,-19.13689532015899
2025-05-28 08:58:17.019000+00:00,50.209500000000006,50.095,-22.80444935719469
2025-05-28 08:58:17.019000+00:00,50.208,50.095,-22.506373486296912
2025-05-28 08:58:17.020000+00:00,50.2255,50.155,-14.036694507769075
2025-05-28 08:58:17.020000+00:00,50.2355,50.155,-16.024524489653867
2025-05-28 08:58:17.020000+00:00,50.236000000000004,50.155,-16.12389521458776
2025-05-28 08:58:17.020000+00:00,50.2405,50.155,-17.018142733451327
2025-05-28 08:58:17.020000+00:00,50.241,50.155,-17.117493680459887
2025-05-28 08:58:17.020000+00:00,50.23950000000001,50.155,-16.81943490679755
2025-05-28 08:58:17.020000+00:00,50.24,50.155,-16.918789808917367
2025-05-28 08:58:17.020000+00:00,50.242000000000004,50.155,-17.316189642132734
2025-05-28 08:58:17.020000+00:00,50.238,50.155,-16.52135833432828
2025-05-28 08:58:17.021000+00:00,50.200500000000005,50.144999999999996,-11.055666776229161
2025-05-28 08:58:17.021000+00:00,50.157,50.144999999999996,-2.392487588970723
2025-05-28 08:58:17.021000+00:00,50.1755,50.144999999999996,-6.07866388974769
2025-05-28 08:58:17.021000+00:00,50.161500000000004,50.144999999999996,-3.2893753177252933
2025-05-28 08:58:17.021000+00:00,50.202,50.144999999999996,-11.354129317557499
2025-05-28 08:58:17.021000+00:00,50.16,50.144999999999996,-2.9904306220096832
2025-05-28 08:58:17.021000+00:00,50.153499999999994,50.144999999999996,-1.6947969732915857
2025-05-28 08:58:17.021000+00:00,50.161500000000004,50.144999999999996,-3.2893753177252933
2025-05-28 08:58:17.022000+00:00,50.204499999999996,50.185,-3.884113973845698
2025-05-28 08:58:17.022000+00:00,50.2055,50.185,-4.083217974126024
2025-05-28 08:58:17.024000+00:00,50.210499999999996,50.230000000000004,3.883649834199589
2025-05-28 08:58:17.024000+00:00,50.2395,50.230000000000004,-1.8909423859703267
2025-05-28 08:58:17.024000+00:00,50.2375,50.230000000000004,-1.4929086837508194
2025-05-28 08:58:17.025000+00:00,50.202,50.215,2.5895382654087946
2025-05-28 08:58:25.270000+00:00,50.132999999999996,50.105000000000004,-5.5851435182398
2025-05-28 08:58:25.271000+00:00,50.0775,50.115,7.488392990864445
2025-05-28 08:58:25.274000+00:00,50.1715,50.17,-0.2989745174053111
2025-05-28 09:01:29.934000+00:00,50.361000000000004,50.375,2.779928913245526
2025-05-28 09:01:53.515000+00:00,50.3555,50.379999999999995,4.865406956538251
2025-05-28 09:01:53.516000+00:00,50.3265,50.36,6.656532840550511
2025-05-28 09:01:53.516000+00:00,50.329,50.36,6.159470682906239
2025-05-28 09:01:53.516000+00:00,50.336,50.36,4.76795931341404
2025-05-28 09:01:53.519000+00:00,50.31,50.34,5.963029218843397
2025-05-28 09:12:14.020000+00:00,51.0215,50.97,-10.093783993023395
2025-05-28 09:12:14.020000+00:00,51.012,50.97,-8.23335685721038
2025-05-28 09:12:14.020000+00:00,51.0115,50.97,-8.135420444409439
2025-05-28 09:12:14.021000+00:00,50.9415,50.980000000000004,7.557688721377698
2025-05-28 09:12:14.021000+00:00,50.939499999999995,50.980000000000004,7.950608074285897
2025-05-28 09:12:14.021000+00:00,50.943,50.980000000000004,7.263019453115471
2025-05-28 09:12:14.021000+00:00,50.957499999999996,50.980000000000004,4.415444242752875
2025-05-28 09:15:10.649000+00:00,50.516999999999996,50.58,12.47104934972433
2025-05-28 09:40:34.015000+00:00,49.799499999999995,49.84,8.13261177321231
2025-05-28 10:18:18.430000+00:00,50.0235,50.06,7.296570611813198
2025-05-28 10:18:18.430000+00:00,50.022999999999996,50.06,7.396597565121273
2025-05-28 10:18:18.430000+00:00,50.0235,50.06,7.296570611813198
2025-05-28 10:18:18.431000+00:00,50.0285,50.06,6.296411045704187
2025-05-28 10:18:18.431000+00:00,50.025000000000006,50.06,6.9965017491247545
2025-05-28 10:18:18.431000+00:00,50.027,50.06,6.596437923521548
2025-05-28 10:18:18.431000+00:00,50.028999999999996,50.06,6.196406084472189
2025-05-28 10:25:20.758000+00:00,50.0225,49.989999999999995,-6.497076315659147
2025-05-28 10:25:20.759000+00:00,50.0565,50.01,-9.289502861766556
2025-05-28 10:25:20.759000+00:00,50.0405,50.01,-6.095062998971538
2025-05-28 10:25:20.759000+00:00,50.0405,50.01,-6.095062998971538
2025-05-28 10:25:20.760000+00:00,50.069500000000005,50.085,3.0956969811953083
2025-05-28 10:25:20.760000+00:00,50.063,50.085,4.394462976649115
2025-05-28 10:25:20.760000+00:00,50.079,50.085,1.1981069909543376
2025-05-28 10:25:20.760000+00:00,50.067,50.085,3.5951824555097533
2025-05-28 10:25:20.760000+00:00,50.071,50.085,2.796029637914741
2025-05-28 10:25:20.760000+00:00,50.0745,50.085,2.0968756552737218
2025-05-28 10:25:20.760000+00:00,50.066500000000005,50.085,3.695085536235999
2025-05-28 10:25:20.761000+00:00,50.0305,50.08,9.893964681543212
2025-05-28 10:25:20.761000+00:00,50.0035,50.08,15.298929074963912
2025-05-28 10:25:20.761000+00:00,50.0105,50.08,13.897081612860879
2025-05-28 10:25:20.761000+00:00,50.010999999999996,50.08,13.796964667773615
2025-05-28 10:25:20.761000+00:00,50.0265,50.08,10.694332004037792
2025-05-28 10:25:20.763000+00:00,50.0685,50.14,14.280435802950027
2025-05-28 10:25:20.763000+00:00,50.1425,50.14,-0.4985790497078778
2025-05-28 10:25:20.764000+00:00,50.146,50.144999999999996,-0.19941770031603218
2025-05-28 10:25:20.764000+00:00,50.143,50.144999999999996,0.398859262508294
2025-05-28 10:25:20.764000+00:00,50.1475,50.144999999999996,-0.4985293384525314
2025-05-28 10:25:20.764000+00:00,50.1575,50.144999999999996,-2.4921497283562464
2025-05-28 10:25:20.764000+00:00,50.153,50.144999999999996,-1.5951189360562024
2025-05-28 10:25:20.765000+00:00,50.194,50.209999999999994,3.1876319878852315
2025-05-28 10:25:20.765000+00:00,50.1935,50.209999999999994,3.2872782332360804
2025-05-28 10:25:20.765000+00:00,50.198499999999996,50.209999999999994,2.2909051067259116
2025-05-28 10:25:20.765000+00:00,50.199,50.209999999999994,2.191278710730429
2025-05-28 10:25:20.765000+00:00,50.199,50.209999999999994,2.191278710730429
2025-05-28 10:25:20.765000+00:00,50.194,50.209999999999994,3.1876319878852315
2025-05-28 10:25:20.779000+00:00,50.251000000000005,50.3,9.751049730352108
2025-05-28 10:25:20.792000+00:00,50.26,50.28,3.979307600478139
2025-05-28 10:31:36.671000+00:00,50.897999999999996,50.855000000000004,-8.448269087192456
2025-05-28 10:31:36.671000+00:00,50.894999999999996,50.855000000000004,-7.859318204144227
2025-05-28 10:31:36.671000+00:00,50.882999999999996,50.855000000000004,-5.502820195348464
2025-05-28 10:31:36.671000+00:00,50.875,50.855000000000004,-3.931203931203149
2025-05-28 10:31:36.671000+00:00,50.8725,50.855000000000004,-3.439972480219823
2025-05-28 10:31:36.672000+00:00,50.909000000000006,50.855000000000004,-10.607161798503611
2025-05-28 10:31:36.674000+00:00,50.95,50.975,4.90677134445507
2025-05-28 10:31:36.674000+00:00,50.954499999999996,50.975,4.02319716610025
2025-05-28 10:31:36.674000+00:00,50.9525,50.975,4.415877532996586
2025-05-28 10:31:36.674000+00:00,50.954499999999996,50.975,4.02319716610025
2025-05-28 10:31:36.674000+00:00,50.954499999999996,50.975,4.02319716610025
2025-05-28 10:31:36.674000+00:00,50.954499999999996,50.975,4.02319716610025
2025-05-28 10:31:36.675000+00:00,50.967,50.965,-0.3924107755989834
2025-05-28 10:31:36.675000+00:00,50.9695,50.965,-0.8828809385991752
2025-05-28 10:31:36.675000+00:00,50.9705,50.965,-1.0790555321210975
2025-05-28 10:36:05.035000+00:00,51.007999999999996,51.0,-1.5683814303629955
2025-05-28 10:36:40.255000+00:00,51.085499999999996,51.15,12.625891887130878
2025-05-28 10:36:40.255000+00:00,51.086,51.15,12.527894139294535
2025-05-28 10:36:40.255000+00:00,51.088499999999996,51.15,12.037934173053102
2025-05-28 10:36:40.255000+00:00,51.0895,51.15,11.841963612874965
2025-05-28 10:36:40.255000+00:00,51.106,51.15,8.609556607834095
2025-05-28 10:36:40.256000+00:00,51.118,51.15,6.2600258226058285
2025-05-28 10:41:32.928000+00:00,50.229,50.24,2.1899699376859556
2025-05-28 10:41:32.928000+00:00,50.2315,50.24,1.6921652747787863
2025-05-28 10:41:32.928000+00:00,50.2275,50.24,2.488676521826259
2025-05-28 10:41:32.928000+00:00,50.2265,50.24,2.6878241565708363
2025-05-28 10:41:32.933000+00:00,50.173,50.195,4.384828493412486
2025-05-28 10:41:32.933000+00:00,50.1775,50.195,3.4876189527175114
2025-05-28 10:41:32.933000+00:00,50.177,50.195,3.587300954620779
2025-05-28 10:42:32.550000+00:00,50.122,50.175,10.574198954550353
2025-05-28 10:42:32.550000+00:00,50.121,50.175,10.773927096425638
2025-05-28 10:42:32.550000+00:00,50.120000000000005,50.175,10.973663208298605
2025-05-28 10:42:32.550000+00:00,50.1175,50.175,11.473038359853833
2025-05-28 10:42:32.550000+00:00,50.1145,50.175,12.072354308632741
2025-05-28 10:42:32.550000+00:00,50.114000000000004,50.175,12.172247276208811
2025-05-28 10:42:32.550000+00:00,50.1125,50.175,12.47193813918683
2025-05-28 10:44:20.474000+00:00,50.588499999999996,50.394999999999996,-38.24979985569848
2025-05-28 10:44:20.474000+00:00,50.584500000000006,50.394999999999996,-37.46206842017012
2025-05-28 10:44:20.474000+00:00,50.588499999999996,50.394999999999996,-38.24979985569848
2025-05-28 10:44:20.474000+00:00,50.584500000000006,50.394999999999996,-37.46206842017012
2025-05-28 10:44:20.474000+00:00,50.5465,50.394999999999996,-29.972401649967008
2025-05-28 10:44:20.474000+00:00,50.583,50.394999999999996,-37.16663701243548
2025-05-28 10:44:20.474000+00:00,50.568,50.394999999999996,-34.21135896218989
2025-05-28 10:44:20.474000+00:00,50.554,50.394999999999996,-31.45151718954109
2025-05-28 10:44:20.474000+00:00,50.400000000000006,50.394999999999996,-0.9920634920654093
2025-05-28 10:44:20.474000+00:00,50.400999999999996,50.394999999999996,-1.1904525703855533
2025-05-28 10:44:20.474000+00:00,50.403000000000006,50.394999999999996,-1.5872071106897956
2025-05-28 10:44:20.474000+00:00,50.583,50.394999999999996,-37.16663701243548
2025-05-28 10:44:20.474000+00:00,50.584,50.394999999999996,-37.363593231062616
2025-05-28 10:44:20.474000+00:00,50.581500000000005,50.394999999999996,-36.87118808260123
2025-05-28 10:44:20.474000+00:00,50.585,50.394999999999996,-37.56054166254914
2025-05-28 10:44:20.475000+00:00,50.432500000000005,50.435,0.4957120904174344
2025-05-28 10:44:20.475000+00:00,50.400000000000006,50.435,6.944444444443767
2025-05-28 10:44:20.477000+00:00,50.359,50.42,12.113028455688147
2025-05-28 10:44:20.482000+00:00,50.3905,50.445,10.815530705191916
2025-05-28 10:44:20.482000+00:00,50.3905,50.445,10.815530705191916
2025-05-28 10:44:20.496000+00:00,50.3565,50.415,11.617169580888708
2025-05-28 10:44:20.496000+00:00,50.366,50.415,9.728785291664911
2025-05-28 11:09:12.023000+00:00,51.071,51.144999999999996,14.489632080828272
2025-05-28 11:09:12.023000+00:00,51.075500000000005,51.144999999999996,13.607306830083068
2025-05-28 11:09:12.023000+00:00,51.0735,51.144999999999996,13.999432190860864
2025-05-28 11:09:12.023000+00:00,51.0675,51.144999999999996,15.175992558866884
2025-05-28 11:09:12.023000+00:00,51.075,51.144999999999996,13.705335291237038
2025-05-28 11:09:12.023000+00:00,51.0835,51.144999999999996,12.03911243356372
2025-05-28 11:09:12.023000+00:00,51.075500000000005,51.144999999999996,13.607306830083068
2025-05-28 11:09:12.024000+00:00,51.129999999999995,51.15,3.911597887737752
2025-05-28 11:09:12.024000+00:00,51.1295,51.15,4.00942704309614
2025-05-28 11:09:12.027000+00:00,51.5115,51.19,-62.413247527251265
2025-05-28 11:09:12.027000+00:00,51.510000000000005,51.19,-62.12385944476944
2025-05-28 11:09:12.027000+00:00,51.509,51.19,-61.93092469277264
2025-05-28 11:09:12.027000+00:00,51.504000000000005,51.19,-60.966138552346834
2025-05-28 11:09:12.027000+00:00,51.5005,51.19,-60.29067678954663
2025-05-28 11:09:12.030000+00:00,51.55,51.32,-44.61687681862209
2025-05-28 11:09:12.039000+00:00,51.453500000000005,51.425,-5.538981799101749
2025-05-28 11:09:12.039000+00:00,51.463499999999996,51.425,-7.481030244736385
2025-05-28 11:09:12.041000+00:00,51.420500000000004,51.42,-0.09723748310545159
2025-05-28 11:09:12.042000+00:00,51.427,51.41,-3.305656561728861
2025-05-28 11:09:12.042000+00:00,51.424,51.41,-2.7224642190422568
2025-05-28 11:09:12.042000+00:00,51.425,51.41,-2.916869227029766
2025-05-28 11:09:12.045000+00:00,51.3935,51.379999999999995,-2.626791325752793
2025-05-28 11:09:13.036000+00:00,51.343999999999994,51.365,4.0900592084777
2025-05-28 11:09:15.031000+00:00,51.249,51.215,-6.634275790746925
2025-05-28 11:09:15.031000+00:00,51.253,51.215,-7.414200144381149
2025-05-28 11:09:15.031000+00:00,51.2505,51.215,-6.926761690129652
2025-05-28 11:09:15.031000+00:00,51.257000000000005,51.215,-8.194002770353627
2025-05-28 11:09:15.031000+00:00,51.258,51.215,-8.388934410238257
2025-05-28 11:09:15.031000+00:00,51.2595,51.215,-8.681317609418608
2025-05-28 11:09:15.031000+00:00,51.260000000000005,51.215,-8.778774873195806
2025-05-28 11:09:15.031000+00:00,51.2535,51.215,-7.511682129025157
2025-05-28 11:09:15.031000+00:00,51.2565,51.215,-8.09653409811423
2025-05-28 11:09:15.032000+00:00,51.388000000000005,51.255,-25.881528761579094
2025-05-28 11:09:15.032000+00:00,51.302,51.255,-9.16143620131711
2025-05-28 11:09:15.032000+00:00,51.3345,51.255,-15.486661017443613
2025-05-28 11:09:15.032000+00:00,51.3395,51.255,-16.459061736089847
2025-05-28 11:09:15.032000+00:00,51.442,51.255,-36.351619299404696
2025-05-28 11:09:15.032000+00:00,51.394999999999996,51.255,-27.240003891427854
2025-05-28 11:09:15.033000+00:00,51.253,51.255,0.39022106023109754
2025-05-28 11:09:15.033000+00:00,51.335,51.255,-15.583909613323911
2025-05-28 11:09:15.034000+00:00,51.2545,51.245000000000005,-1.8534957906126532
2025-05-28 11:09:15.034000+00:00,51.251999999999995,51.245000000000005,-1.3658003590085834
2025-05-28 11:09:15.034000+00:00,51.248,51.245000000000005,-0.5853886980941712
2025-05-28 11:09:15.034000+00:00,51.251999999999995,51.245000000000005,-1.3658003590085834
2025-05-28 11:09:15.034000+00:00,51.244,51.245000000000005,0.19514479744063204
2025-05-28 11:09:15.034000+00:00,51.2345,51.245000000000005,2.0494003064356057
2025-05-28 11:09:15.034000+00:00,51.242999999999995,51.245000000000005,0.39029721132828876
2025-05-28 11:09:15.034000+00:00,51.2425,51.245000000000005,0.4878762745777102
2025-05-28 11:09:15.034000+00:00,51.254999999999995,51.245000000000005,-1.9510291678842857
2025-05-28 11:09:15.034000+00:00,51.2345,51.245000000000005,2.0494003064356057
2025-05-28 11:09:15.034000+00:00,51.2435,51.245000000000005,0.2927200523007137
2025-05-28 11:09:15.034000+00:00,51.257,51.245000000000005,-2.3411436486710793
2025-05-28 11:09:15.034000+00:00,51.2275,51.245000000000005,3.416133912450422
2025-05-28 11:09:15.034000+00:00,51.2575,51.245000000000005,-2.4386675120705723
2025-05-28 11:09:15.034000+00:00,51.2765,51.245000000000005,-6.143164997609839
2025-05-28 11:09:15.034000+00:00,51.257999999999996,51.245000000000005,-2.536189472861021
2025-05-28 11:09:15.034000+00:00,51.2445,51.245000000000005,0.09757144669230598
2025-05-28 11:09:15.034000+00:00,51.2545,51.245000000000005,-1.8534957906126532
2025-05-28 11:09:15.034000+00:00,51.251999999999995,51.245000000000005,-1.3658003590085834
2025-05-28 11:09:15.034000+00:00,51.260999999999996,51.245000000000005,-3.12128128596616
2025-05-28 11:09:15.034000+00:00,51.251999999999995,51.245000000000005,-1.3658003590085834
2025-05-28 11:09:15.034000+00:00,51.2515,51.245000000000005,-1.268255563250931
2025-05-28 11:09:15.034000+00:00,51.251999999999995,51.245000000000005,-1.3658003590085834
2025-05-28 11:09:15.034000+00:00,51.2545,51.245000000000005,-1.8534957906126532
2025-05-28 11:09:15.034000+00:00,51.257999999999996,51.245000000000005,-2.536189472861021
2025-05-28 11:09:15.034000+00:00,51.2455,51.245000000000005,-0.09756954269063274
2025-05-28 11:09:15.035000+00:00,51.316500000000005,51.265,-10.03575847924241
2025-05-28 11:09:15.035000+00:00,51.327,51.265,-12.079412395035288
2025-05-28 11:09:15.035000+00:00,51.318,51.265,-10.327760240071179
2025-05-28 11:09:15.035000+00:00,51.305499999999995,51.265,-7.893890518559303
2025-05-28 11:09:15.035000+00:00,51.298,51.265,-6.432999337206372
